1898 3386
994 263 1022 306 4

267 392 371 451 legit
408 393 452 437 in
493 393 799 451 comportando
845 399 1018 437 secutus
1060 392 1138 446 sit;
1171 398 1387 450 postremo
1419 393 1647 438 nonnullos
1681 393 1743 436 lo-

271 479 344 509 cos
377 464 620 523 singulatim
647 465 849 509 tractabo.
897 464 1037 516 Quum
1067 470 1209 508 autem
1246 477 1315 508 res
1345 464 1389 508 in
1425 464 1602 523 singulis
1635 463 1748 521 capi-

269 536 383 581 tibus
409 537 650 581 tractandae
684 551 993 596 nonnunquam
1026 537 1131 581 adeo
1156 536 1268 581 inter
1291 533 1336 581 se
1366 536 1616 582 coniunctae
1638 536 1744 587 sint,

269 615 319 652 ut
350 609 479 653 altera
509 608 629 653 alteri
659 615 863 667 tanquam
893 609 1190 667 supplemento
1223 609 1300 663 sit,
1341 623 1420 654 ne‘c
1453 608 1618 653 definiri
1649 622 1748 667 pos—

273 680 327 724 sit
358 680 432 725 ubi
465 681 594 725 altera
626 680 790 725 desinat
819 681 948 726 altera
978 681 1173 740 incipiat,
1206 689 1334 741 atque
1366 682 1532 727 taedeat
1566 680 1749 726 eundem

268 753 412 797 locum
430 753 598 811 saepius
628 759 808 797 tractare
826 789 836 806 ‚
868 753 975 805 fines
1007 753 1195 812 capitum
1225 754 1283 799 ita
1315 754 1575 834 constitpam
1605 760 1654 798 ut
1678 752 1752 798 ali-

270 825 438 883 quoties
484 839 717 870 excurram.
760 823 801 878 Si
843 825 917 883 qui
959 833 1084 870 erunt
1117 826 1191 885 qui
1222 826 1326 871 illud
1358 826 1588 871 iudicium:
1621 827 1753 867 Τουτὶ

267 901 343 951 μὲν
383 897 459 953 ᾔδη
499 899 598 952 πρὶν
638 896 817 949 Θέογνιν
859 897 1078 950 γεγονέναι
1106 898 1143 957 1)
1191 898 1244 943 de
1274 899 1357 943 hoc
1390 899 1548 957 scripto
1579 899 1744 952 ferant,

270 970 444 1015 eosdem
484 969 725 1015 admonitos
756 971 851 1015 volo
884 970 1146 1029 Bacchylidis
1176 971 1399 1029 fragmenti
1429 971 1474 1015 in
1505 972 1643 1016 Fronte
1675 985 1751 1029 po-

269 1041 350 1086 siti.
384 1042 565 1087 Tantum
599 1042 694 1087 dico
725 1057 792 1087 me
824 1057 997 1100 operam
1028 1042 1195 1088 dedisse
1229 1049 1277 1087 ut
1295 1058 1422 1088 suum
1439 1043 1593 1102 cuique
1614 1043 1749 1088 tribu-

269 1128 396 1159 erem.
445 1114 552 1158 Hinc
585 1128 682 1172 spes
714 1128 781 1159 me
812 1121 929 1160 tenet
960 1115 1048 1160 fore
1079 1122 1128 1160 ut
1158 1130 1302 1160 meum
1334 1115 1440 1160 mihi
1470 1116 1693 1161 tribuatur.

988 1259 1017 1303 1.

325 1403 404 1447 Pro
439 1409 655 1461 comperta
685 1416 730 1447 re
762 1403 908 1446 haberi
932 1409 1074 1461 potest
1097 1403 1405 1462 Theognidem‚
1437 1403 1614 1462 Megaris
1634 1403 1751 1448 iuxta

266 1475 447 1519 Atticam
514 1475 769 1527 oriundum,
833 1481 951 1519 sexto
1006 1476 1174 1520 saeculo
1220 1491 1255 1520 a.
1306 1476 1400 1522 Chr.
1454 1491 1494 1521 n.
1544 1482 1748 1529 exeunte,

266 1547 416 1606 quinto
464 1547 638 1591 ineunte
686 1546 883 1591 floruisse
913 1546 964 1605 ²).
1014 1547 1160 1606 Itaque
1207 1563 1315 1606 quos
1361 1563 1509 1594 versus
1550 1547 1746 1607 discipuli

267 1618 451 1664 Socratis
507 1626 549 1663 et
600 1618 849 1663 Aristoteles
893 1619 1152 1677 Theognidis
1201 1635 1294 1665 esse
1338 1620 1646 1674 testificantur,
1693 1619 1746 1665 iis

265 1692 381 1736 iuxta
419 1693 562 1737 locum
610 1691 654 1734 in
685 1690 894 1749 principio
925 1698 1208 1736 memoratum
1235 1692 1509 1738 fundamento
1535 1692 1749 1752 quaestio-

266 1764 332 1809 nis
372 1764 436 1808 uti
477 1764 588 1808 licet.
621 1762 821 1808 Ordinem
853 1763 979 1807 ducat
1010 1763 1260 1822 Xenophon.
1310 1764 1386 1809 Est
1417 1765 1536 1810 locus
1568 1764 1746 1823 insignis

265 1835 310 1880 in
356 1835 470 1880 Stob.
515 1836 625 1880 Flor.
662 1834 732 1879 lib.
765 1835 1001 1888 LXXXVII,
1035 1835 1101 1880 14.
1149 1836 1322 1880 Lemma
1353 1843 1440 1881 est:
1472 1837 1748 1890 Ξενοφῶντος

267 1910 310 1950 ἐκ
340 1912 411 1951 τοῦ
446 1911 537 1961 περὶ
573 1906 796 1959 Θεόγνιδος
815 1907 863 1965 ³).
912 1907 1006 1952 Non
1036 1922 1213 1966 possum
1245 1923 1331 1953 non
1362 1909 1566 1954 maiorem
1581 1915 1746 1968 partem

264 1981 347 2026 loci
379 1980 630 2025 exscribere.
667 1979 887 2030 Θεόγνιδός
922 1980 1034 2021 ἐστιν
1069 1980 1149 2035 ἔπη
1178 1987 1249 2022 τοῦ
1282 1981 1525 2037 Μεγαρέως.
1557 1973 1676 2031 οὗτος
1701 1980 1746 2023 δὲ

221 2081 228 2096 ,-
263 2055 288 2094 ό
322 2057 495 2107 ποιητὴς
531 2054 623 2106 περὶ
669 2051 836 2100 οὐδενὸς
857 2050 991 2093 ἄλλου
1023 2051 1146 2104 λόγον
1179 2055 1403 2108 πεποίηται
1429 2058 1456 2108 ἤ
1480 2057 1572 2109 περὶ
1599 2054 1745 2110 οἷρετζῆς

266 2127 336 2166 καὶ
383 2126 531 2173 κακίας
571 2125 840 2179 ἀνθρώπων,
869 2127 939 2165 καὶ
976 2125 1089 2168 ἔστιν
1117 2129 1145 2179 ή
1176 2127 1338 2181 ποίησις
1369 2129 1618 2183 σύγγραμμα
1652 2127 1745 2183 περὶ

264 2197 533 2251 ἀνθρώπων,
577 2197 711 2249 ὥσπερ
748 2196 786 2237 εἴ
834 2213 897 2244 τις
935 2197 1104 2246 ἱππικὸς
1136 2197 1195 2240 ὢν
1221 2202 1474 2254 συγγράψειε
1506 2202 1599 2253 περὶ
1628 2201 1746 2242 ἱππι-

265 2273 349 2322 κῆς.
383 2274 410 2324 ἤ
447 2264 520 2312 οὖν
552 2269 653 2325 ἀρχή
695 2285 764 2322 μοι
797 2267 914 2310 δοκεῖ
941 2273 1011 2322 τῆς
1045 2274 1242 2323 ποιήσεως
1269 2270 1553 2327 ὀρθῶςὲχειν·
1571 2274 1745 2329 ἄρχεται

267 2344 344 2397 γὰρ
389 2345 554 2396 πρῶτον
595 2342 677 2382 α’πὸ
716 2343 787 2383 τοῦ
825 2335 870 2382 εὖ
908 2340 1122 2393 γενέσθαι.
1155 2342 1257 2397 ᾤετο
1289 2345 1366 2398 γὰρ
1397 2345 1489 2386 οὔτε
1518 2348 1743 2400 ἄνθρωπον

264 2417 356 2456 οὔτε
387 2416 472 2457 τῶν
502 2413 644 2456 ἄλλων
676 2413 798 2455 οὐδὲν
829 2415 886 2456 ἂν
917 2414 1085 2466 οἷγαθὸν
1118 2417 1221 2457 εἶναι
1245 2447 1254 2464 ,
1291 2418 1326 2457 εἰ
1349 2419 1403 2470 μὴ
1422 2419 1473 2458 τὰ
1491 2422 1742 2472 γεννήσαντα

259 2486 406 2538 ἀγαθὰ
438 2486 513 2541 εἴη.
549 2485 691 2537 ἔδοξεν
723 2480 796 2528 οὖν
834 2485 947 2542 αὐτῷ
981 2486 1287 2542 παραδείγμασι
1316 2491 1401 2538 τοῖς
1430 2488 1580 2539 ’ἄλλοις
1625 2490 1744 2548 ζῴοις

307 2781 332 2824 ¹)
370 2782 450 2814 Plut.
474 2782 511 2814 de
537 2782 625 2824 Pyth.
649 2793 731 2815 orac.
753 2793 819 2825 cap.
843 2784 883 2822 5,
907 2794 976 2815 cum
1001 2785 1097 2826 princ.
1122 2785 1295 2828 philosoph.
1315 2797 1380 2820 esse
1403 2798 1469 2830 cap.
1495 2788 1526 2822 2.

305 2838 333 2881 ²)
371 2840 436 2871 vid.
462 2840 602 2872 Welcker
624 2851 654 2882 p.
679 2841 768 2879 XVI;
792 2841 914 2873 Clinton
939 2841 1021 2875 Fast.
1047 2842 1122 2875 Heu.
1145 2843 1183 2875 ad
1207 2843 1253 2876 01.
1279 2844 1320 2876 59
1336 2869 1345 2887 ,
1370 2845 1399 2878 1.

300 2896 329 2938 ³)
370 2897 502 2929 Meineke
536 2898 638 2938 (Stob.
670 2898 750 2931 Flor.
775 2898 890 2931 Teubn.
914 2899 955 2930 ΠΙ
981 2910 1009 2940 p.
1035 2900 1146 2942 XXIX)
1173 2911 1230 2932 non
1257 2902 1378 2934 dubitat
1402 2905 1476 2945 quin
1500 2914 1608 2938 nomeu
1633 2905 1734 2938 Xeno-

247 2954 373 3002 phontis
423 2959 604 2996 corruptum
656 2956 720 2993 sit,
767 2957 862 2996 Bergk
898 2959 941 2998 (p.
976 2957 1054 2998 497)
1091 2959 1265 3000 suspicatur
1299 2960 1397 2993 locum
1434 2963 1564 3004 petitum
1595 2973 1662 2996 esse
1696 2971 1733 2995 ex

242 3011 394 3053 opusculo
419 3011 623 3046 Antistheni&
647 3012 837 3046 praestantia
860 3014 917 3046 ioci
942 3015 971 3046 in
994 3017 1233 3049 controversiam
1257 3027 1317 3050 non
1342 3023 1479 3052 vocatur.
