1898 3386
877 253 933 299 29

170 388 378 434 iecturam
419 386 653 433 faciendam
693 383 893 431 audacior
929 390 1016 437 est,
1050 382 1182 428 edidit
1218 386 1352 437 μάτην
1380 382 1556 439 ἐχθρούς
1585 378 1652 435 ἄρ’

169 458 356 515 οἷλεῦμαι.
403 459 535 504 Aliter
580 457 870 516 scripsissent,
928 455 1106 514 opinor,
1154 455 1189 501 si
1223 455 1520 501 meminissent
1546 465 1654 510 quae

169 532 276 578 dicit
318 531 508 577 Meineke
551 530 698 575 Philol.
743 527 852 574 1861
903 542 943 587 p.
977 526 1090 573 355:
1144 527 1250 581 »Qui
1283 527 1657 587 Theognideorum

171 605 410 652 carminum
443 602 643 660 reliquias
662 596 902 648 ‘emendare
933 599 1214 646 instituerunt
1248 600 1411 655 critici,
1442 613 1530 645 non
1546 612 1656 644 sem-

172 692 250 737 per
278 692 329 723 eo
358 676 550 722 animum
581 675 879 726 adverterunt,
916 673 1031 718 haud
1060 687 1195 731 pauca
1227 673 1397 718 illorum
1418 671 1656 730 poematio-

170 765 269 796 rum
298 755 372 794 aut
400 747 563 793 lacunis
594 746 829 803 intercepta
859 759 953 790 esse
984 751 1057 790 aut
1089 745 1134 789 in
1165 745 1250 790 fine
1279 759 1367 790 uno
1403 744 1650 802 pluribusve

173 820 368 869 distichis
397 817 633 864 truncata'’.
680 818 791 863 Haec
821 824 1025 876 reputans
1058 817 1169 862 inter
1199 816 1466 872 προδιδοῦσιν
1498 823 1541 862 et
1569 817 1658 857 ἐπεὶ

172 894 370 940 existimo
401 906 495 937 esse
522 892 729 936 lacunam.
777 889 944 934 Excidit
965 889 1124 947 aliquid
1152 904 1238 948 quo
1257 889 1522 949 significetur
1540 887 1653 933 idem

176 967 262 1013 fere
296 964 412 1023 quod
441 963 597 1022 legitur
622 978 682 1009 vs.
715 961 828 1007 1219
860 975 947 1020 sq.:

350 1037 536 1093 Ἐχθρόν
567 1037 643 1090 μὲν
675 1033 858 1092 χαλεπὸν
891 1037 960 1076 καὶ
993 1034 1171 1089 δυσμενῆ
1192 1034 1229 1093 ¹)
1258 1035 1516 1087 ἐξαπατῆσαι

406 1110 558 1162 Κύρνε·
589 1106 712 1161 φίλον
746 1107 790 1149 δὲ
822 1106 931 1162 φίλῳ
963 1107 1111 1164 ῥᾴδιον
1142 1107 1372 1156 ἐξαπατᾶν.

175 1183 308 1228 Esto:
356 1180 432 1226 sed
476 1179 579 1237 quid
624 1180 729 1225 haec
774 1193 874 1224 cum
918 1179 1130 1236 parodia‘?
1179 1179 1301 1231 Quod
1331 1178 1519 1236 suspicio
1549 1178 1660 1222 inter

175 1252 444 1311 προδιδοῦσιν
492 1258 535 1297 et
568 1253 655 1294 ἐπεὶ
688 1252 885 1296 lacunam
918 1265 1039 1304 esse,
1075 1265 1169 1297 mea
1203 1251 1431 1305 sententia,
1468 1265 1556 1296 non
1584 1264 1658 1308 pa-

177 1340 276 1372 rum
320 1331 502 1383 augetur
541 1323 608 1369 his
655 1323 875 1377 versibus,
924 1323 1081 1381 quibus
1128 1323 1348 1368 inducitur
1374 1323 1551 1380 querula
1577 1336 1666 1366 me-

177 1397 332 1444 retrix:

240 1468 364 1527 (861)
397 1470 452 1510 Οἳ
477 1486 526 1522 με
557 1467 666 1523 φίλοι
697 1468 938 1523 προδιδοῦσι
971 1470 1042 1509 καὶ
1073 1467 1147 1509 οὐκ
1180 1466 1374 1510 ἐθέλουσί
1403 1485 1445 1510 τι
1476 1467 1624 1510 δοῦναι

441 1544 603 1596 ἄστρων
620 1541 659 1600 2)
692 1540 973 1595 φαινομένων’
1006 1539 1101 1582 ἀλλ’
1135 1541 1214 1593 ἐγὼ
1248 1540 1460 1595 αὐτομάτη

385 1614 549 1669 ἑσπερίη
580 1613 618 1656 τ’
650 1612 779 1667 ἔξειμι
810 1616 881 1654 καὶ
911 1613 1061 1668 ὀρθρίη
1093 1608 1211 1662 αὖτις
1243 1613 1371 1666 ἔσειμι

442 1683 542 1740 ἦμος
572 1684 859 1739 ἀλεκτρυόνων
892 1687 1080 1739 φθόγγος
1113 1685 1397 1740 ἐγειρομένων.

182 1759 290 1804 Puto
334 1758 471 1811 enim,
515 1764 564 1802 ut
597 1757 841 1816 parodiam,
891 1756 951 1802 sic
995 1771 1165 1802 carmen
1198 1758 1313 1815 quod
1345 1757 1534 1803 imitator
1567 1762 1664 1802 ante

183 1831 331 1877 oculos
371 1829 521 1875 habuit
564 1836 748 1887 quatuor
790 1843 993 1874 versuum
1022 1829 1166 1875 fuisse.
1210 1830 1395 1876 Candide
1433 1830 1567 1875 fateor
1600 1842 1669 1873 me

183 1903 267 1948 hoc
316 1901 559 1947 dubitanter
603 1902 774 1955 dicere,
829 1902 904 1946 sed
948 1901 1128 1947 reticere
1170 1902 1392 1955 nolebam,
1441 1909 1535 1946 tum
1569 1900 1668 1958 quia

182 1975 379 2020 lacunam
409 1973 675 2019 manifestam
709 1988 802 2019 esse
835 1973 1040 2027 arbitror,
1072 1980 1164 2018 tum
1181 1974 1281 2031 quia
1297 1975 1478 2019 alterum
1497 1987 1669 2018 carmen

184 2045 374 2105 suppetit
409 2046 551 2102 quod,
585 2059 719 2102 quum
754 2046 855 2091 olim
887 2046 1140 2091 lacunosum
1172 2046 1321 2100 fuerit,
1350 2046 1523 2105 parodia
1553 2052 1669 2090 recte

185 2118 355 2163 duobus
387 2117 580 2162 versibus
613 2118 857 2176 suppletum
890 2132 983 2163 esse
1018 2117 1253 2163 confirmat.
1290 2118 1470 2164 Carmen
1500 2125 1589 2164 est:

217 2188 374 2248 (1157)
405 2188 594 2239 Πλοῦτος
625 2192 696 2231 καὶ
727 2191 850 2244 σοφίη
876 2194 1051 2244 θνητοῖς
1081 2190 1360 2247 ἀμαχώτατον
1393 2193 1485 2234 αἷεί·

446 2262 538 2304 οὔτε
569 2263 649 2317 γὰρ
678 2264 733 2304 ἂν
767 2260 950 2303 πλούτου
982 2262 1120 2316 θυμὸν
1145 2262 1452 2318 ὑπερκορέσαις·

391 2334 447 2382 ὥς
478 2332 516 2375 δ’
548 2334 681 2382 αὕτως
710 2334 858 2388 σοφίην
892 2335 917 2374 o‘
946 2335 1186 2387 σοφώτατος
1217 2333 1290 2376 οὐκ
1322 2335 1571 2388 ἀποφεύγει,

447 2403 542 2446 ἀλλ’
576 2405 744 2460 ἔραται,
780 2406 919 2459 θυμὸν
952 2404 991 2446 δ’
1026 2405 1072 2446 οὐ
1104 2404 1284 2448 δύναται
1312 2405 1487 2449 τελέσαι.

188 2477 250 2522 Ex
285 2476 352 2522 his
385 2478 579 2523 versibus
610 2478 696 2524 duo
728 2477 892 2536 priores
924 2477 968 2522 in
1006 2477 1225 2523 codicibus
1257 2491 1434 2536 prorsus
1466 2478 1670 2524 omittun-

230 2707 258 2751 ¹)
293 2707 430 2742 Praesero
451 2709 529 2743 hanc
549 2709 689 2742 codicum
713 2708 873 2742 lectionem
898 2707 1078 2749 Bergkianae
1102 2708 1283 2748 δυσμενεῖ.

227 2762 257 2807 ²)
294 2764 434 2809 ἄστρων
467 2767 616 2809 scriptum
646 2772 693 2800 est
726 2777 743 2798 c
765 2767 939 2798 coniectura
967 2766 1129 2798 Hermanni
1151 2771 1182 2797 ct
1207 2765 1364 2808 Emperii,
1389 2775 1443 2807 pro
1466 2765 1599 2799 absurda
1620 2775 1675 2799 co-

186 2822 290 2855 dicum
325 2822 452 2857 lectione
485 2824 642 2866 ἇνδρῶν;
677 2823 795 2856 Ahrens
826 2824 956 2856 coniecit
995 2823 1130 2868 δᾴδων.
1171 2823 1432 2855 verisimillimum
1461 2829 1509 2856 est
1533 2824 1673 2868 ἄστρων

186 2883 232 2915 vel
269 2884 406 2926 λύχνων
442 2882 487 2913 vel
520 2882 635 2923 aliquid
666 2882 696 2913 iu
719 2882 796 2913 hanc
819 2882 1002 2913 seutentiam
1016 2905 1024 2921 ,
1054 2891 1122 2912 nam
1146 2891 1201 2918 ea,
1223 2891 1301 2923 quae
1324 2882 1469 2914 meretrix
1491 2881 1593 2918 dicit,
1617 2881 1677 2913 huc

189 2941 339 2974 redeunt:
359 2940 525 2982 „quoniam
550 2940 608 2971 sub
630 2948 786 2981 vesperam
808 2939 898 2970 amici
921 2948 968 2970 me
995 2948 1054 2970 non
1078 2939 1204 2976 visunt,
1231 2948 1286 2978 ego
1311 2938 1391 2970 ultro
1413 2939 1527 2971 amicos
1551 2938 1679 2971 adib0.’'

191 2998 291 3039 {gitur
311 3008 328 3030 a
351 2997 486 3029 siderum
509 3001 580 3029 ortu
603 3006 699 3038 usque
719 2996 757 3027 ad
781 2995 967 3035 gallicinium
991 2996 1050 3027 erit
1074 2995 1292 3038 περίδρομος
1324 2995 1431 3038 (581).
