1898 3386
907 259 961 304 27

193 386 307 434 1178
338 391 462 440 Οὖτις
492 395 654 435 ἄποινα
684 390 824 440 διδούς
851 393 1045 432 θάνατον
1073 393 1196 445 φύγοι
1232 392 1329 435 οὐδὲ
1361 394 1536 449 βαρεῖαν

399 462 655 520 δυστυχίην,
692 467 728 506 εἰ
755 467 809 518 μὴ
840 463 945 517 μοῖρ’
978 464 1047 504 ἐπὶ
1077 463 1206 518 τέρμα
1231 464 1366 521 βάλοι.

191 532 304 578 1132
334 533 466 577 κλαίω
495 535 532 577 δ’
563 535 770 592 ἀργαλέον
801 540 928 591 γῆρας
954 536 1244 591 ἐπερχόμενον.

220 775 305 822 813
336 813 852 823 ........
916 779 997 831 ἐγὼ
1030 778 1065 820 δ’
1100 781 1285 836 ἐχθροῖσι
1314 779 1540 830 πελασθείς

335 847 480 902 εἷδήσω
510 852 580 891 καὶ
612 852 696 893 τῶν
727 851 861 893 ὅντιν’
894 851 1034 907 ἔχουσι
1066 855 1179 895 νόον.

190 918 303 965 1016
334 919 522 969 ἐξετάσαι
553 938 595 964 τε
633 921 806 976 φίλους,
840 924 975 965 ὅντιν’
1005 924 1144 980 ἔχουσι
1177 927 1288 968 νόον.

219 990 304 1038 367
335 993 473 1037 οἰστῶν
504 993 540 1035 δ’
572 994 619 1035 οὐ
650 993 832 1050 δύναμαι
867 995 1028 1047 γνῶναι
1062 999 1159 1040 νόον
1190 998 1323 1040 ὅντιν’
1358 997 1539 1054 ἔχουσιν.

220 1247 305 1294 855
334 1248 526 1292 Πολλάκι
559 1250 608 1304 δὴ
638 1252 759 1302 πόλις
787 1253 857 1306 ἣδε
889 1253 943 1296 δι’
976 1257 1187 1309 ἡγεμόνων
1218 1257 1432 1309 κακότητα

392 1322 527 1378 ὥσπερ
553 1323 774 1379 κεκλιμένη
801 1329 902 1375 ναῦς
927 1329 1042 1381 παρὰ
1070 1331 1148 1379 γῆν
1182 1325 1374 1382 ἔδραμεν.

219 1393 304 1440 969
337 1394 478 1449 ἔφθην
505 1398 678 1449 αἷνήσας
709 1399 808 1452 πρίν
841 1413 914 1440 σου
944 1401 1053 1441 κατὰ
1089 1402 1232 1442 πάντα
1264 1398 1419 1452 δαῆναι

393 1470 518 1520 ἤθεα.
550 1472 626 1511 νῦν
660 1469 696 1511 δ’
722 1468 802 1524 ἤδη
834 1473 936 1519 ναῦς
971 1471 1045 1512 ἅθ’
1080 1473 1176 1520 ἑκὰς
1203 1470 1339 1527 διέχω.

192 1537 299 1584 1361
334 1542 387 1582 Ν
386 1544 459 1589 αῦς
491 1540 620 1598 πέτρῃ
651 1541 932 1598 προσέκυρσας
958 1545 1052 1597 ἐμῆς
1081 1541 1302 1597 φιλότητος
1328 1545 1530 1599 ἁμαρτών
1545 1578 1557 1597 ,

394 1606 426 1653 ὦ
457 1617 558 1664 παῖ,
592 1616 663 1655 καὶ
694 1618 851 1669 σαπροῦ
879 1617 1104 1670 πείσματος
1136 1613 1385 1672 ἀντελάβον.

193 1681 307 1728 1099
338 1718 853 1731 ........
915 1689 962 1729 σύ
995 1687 1033 1729 δ’
1065 1689 1160 1742 ἐμῆς
1193 1687 1414 1743 φιλότητος
1446 1690 1647 1744 ἁμαρτών

393 1755 563 1811 ὕστερον
594 1757 794 1814 ἡμετέρην
819 1761 958 1816 γνώσῃ
990 1761 1286 1816 ἐπιφροσύνην.

192 1826 306 1873 1379
339 1827 420 1880 ἐγὼ
446 1827 482 1870 δ’
510 1827 645 1873 ἀέκων
675 1835 746 1884 τῆς
777 1835 846 1884 σῆς
877 1831 1099 1887 φιλότητος
1128 1836 1329 1889 ἁμαρτών

222 2092 306 2140 867
338 2128 348 2138 .
410 2128 419 2138 .
483 2128 490 2136 .
555 2128 564 2136 .
624 2092 770 2147 ἀρετῆς
802 2091 846 2134 δὲ
872 2091 980 2147 μέγα
1011 2091 1129 2142 κλέος
1158 2093 1300 2135 οὔποτ’
1332 2092 1504 2138 ὀλεῖται.

189 2166 234 2211 Il.
252 2164 415 2220 II‚325
485 2201 853 2210 ......
900 2166 974 2206 ὅου
1005 2163 1123 2215 κλέος
1153 2166 1295 2208 οὔποτ’
1328 2164 1502 2210 ὀλεῖται.

192 2239 238 2283 ll.
255 2238 340 2292 VII,
358 2236 408 2282 91
476 2274 484 2282 .
549 2273 557 2281 .
621 2273 629 2282 .
696 2271 705 2281 .
736 2238 781 2280 τὸ
808 2237 844 2279 δ’
875 2238 971 2291 ἐμὸν
1002 2236 1119 2287 κλέος
1147 2239 1288 2281 οὔποτ’
1319 2237 1494 2283 ὀλεῖται.

191 2309 266 2357 Od.
299 2310 439 2364 XXIV,
473 2309 557 2356 196
589 2344 597 2354 .
659 2344 670 2354 .
734 2346 743 2354 .
806 2345 814 2354 .
838 2314 897 2365 τῷ
930 2311 971 2352 οἱ
999 2309 1115 2360 κλέος
1147 2312 1288 2354 οὔποτ’
1322 2310 1480 2354 ὀλεῖται

644 2374 691 2435 ἧς
720 2382 878 2437 ἀρετῆς·

226 2652 310 2699 783
341 2656 434 2698 Οἶνε
455 2656 508 2696 τὰ
533 2641 608 2708 μέν
643 2655 677 2696 σ’
707 2656 835 2704 αῖνῶ,
871 2656 923 2696 τὰ
955 2653 999 2696 δὲ
1029 2653 1268 2709 μέμφομαι,
1305 2653 1400 2696 οὐδέ
1433 2669 1473 2696 σε
1503 2658 1680 2708 πάμπαν

397 2727 488 2769 οὔτε
515 2726 609 2769 ποτ’
642 2727 857 2783 ἐχθαίρειν
877 2757 889 2777 ,
922 2728 1014 2769 οὔτε
1045 2726 1181 2780 φιλεῖν
1215 2725 1410 2781 δύναμαι.

196 2799 305 2847 1091
341 2798 587 2855 Ἀργαλέως
617 2816 687 2853 μοι
713 2801 848 2854 θυμός
873 2800 958 2856 ἔχει
989 2802 1081 2854 περὶ
1115 2803 1185 2852 σῆς
1216 2798 1452 2854 φιλότητος·

205 2859 228 2874 μ’
457 2873 550 2914 οὔτε
575 2873 929 2929 γὰρέχθαίρειν,
970 2873 1062 2914 οὔτε
1094 2870 1230 2925 φιλεῖν
1264 2871 1461 2926 δύναμαι.
