1898 3386
997 251 1054 297 42

482 381 702 433 ἄφθογγος
720 410 731 430 ,
765 379 898 437 λείψω
928 381 966 424 δ’
998 383 1145 438 ἐρατὸν
1178 385 1281 435 φάος
1304 379 1484 434 ἠελίοιο,

543 450 677 506 ἔμπης
709 450 901 503 δ’ἐσθλὸς
934 454 1014 497 ἐὼν
1047 457 1207 509 ὄψομαι
1240 452 1361 495 οῦδὲν
1393 452 1470 496 ἔτι.

280 523 373 569 Hoc
417 522 581 568 dictum
617 523 673 568 sit
712 537 816 582 pace
847 525 1014 585 Bergkii
1052 526 1287 571 dubitantis
1315 516 1373 571 ⁷an
1403 525 1679 572 Mimnermus
1710 528 1769 573 fe-

280 594 414 649 cerit,
463 602 506 641 et
550 595 780 641 Nietzschii
828 611 915 643 non
944 599 1192 644 haesitantis
1222 598 1401 656 Bergkio
1432 598 1680 657 adstipulari
1714 600 1766 659 1).

282 668 457 715 Rectius
487 668 623 726 Bergk
655 667 700 713 in
728 668 966 716 Mimnermi
980 675 989 729 j
998 671 1232 729 fragmenta
1260 669 1529 729 recipiendos
1550 686 1643 718 esse
1668 686 1769 718 con-

280 740 370 788 iicit
402 756 462 788 vs.
496 739 719 787 low—3:

488 814 649 856 Οὖποτε
680 818 766 863 τοῖς
800 816 1014 871 ἐχθροῖσιν
1043 816 1124 857 ὑπό
1155 814 1286 867 ζυγόν
1320 813 1480 871 αὐχένα
1509 818 1625 868 θήσω

540 885 747 940 δύσλοφον
767 920 776 937 ,
812 886 898 928 οὐδ’
938 888 975 929 εἴ
1001 904 1070 942 μοι
1101 886 1275 942 Τμῶλος
1306 886 1446 929 ἔπεστι
1479 890 1595 944 κάρῃ.

282 957 404 1003 Certe
435 957 479 1002 in
508 957 720 1004 eiusmodi
750 973 797 1004 re
831 959 1068 1018 Theognidi
1095 961 1160 1005 vel
1190 959 1334 1005 Soloni
1359 958 1556 1004 Tmolum
1586 958 1631 1004 in
1651 974 1770 1006 men-

280 1036 368 1076 tem
397 1030 600 1076 incidisse
632 1045 719 1076 non
750 1032 886 1090 magis
917 1032 1144 1078 verisimile
1176 1039 1241 1078 est
1267 1045 1394 1089 quam
1412 1031 1602 1077 Helvetio
1620 1038 1771 1091 poetae

279 1101 543 1157 Ianiculum,
591 1103 708 1149 Gallo
754 1104 1050 1163 Capitolinum.
1099 1105 1209 1150 Num
1255 1105 1485 1163 Tyrtaeus,
1511 1104 1586 1148 ubi
1618 1104 1663 1149 in
1693 1104 1771 1150 La-

283 1176 542 1222 cedaemone
577 1189 716 1221 mares
733 1176 899 1222 animos
931 1177 973 1221 in
1005 1177 1151 1222 Martia
1179 1177 1286 1222 bella
1309 1176 1503 1221 versibus
1520 1177 1768 1231 exacuebat,

282 1247 480 1294 Tmolum
523 1247 760 1307 cogitavit?
807 1248 912 1294 Nam
953 1264 1004 1294 ex
1037 1249 1130 1294 eius
1161 1262 1332 1306 quoque
1363 1247 1509 1306 elegiis
1539 1249 1771 1307 particulae

281 1322 326 1368 in
372 1320 644 1380 Theognidea
690 1320 967 1379 irrepserunt.
1031 1320 1196 1380 Quippe
1241 1320 1447 1366 Stobaeus
1494 1321 1568 1375 LI,
1612 1321 1633 1366 1
1669 1327 1713 1367 et
1742 1320 1770 1367 5

285 1393 366 1439 sub
414 1393 612 1439 lemmate
651 1391 818 1452 Tyrtaei
859 1393 961 1439 satis
988 1393 1196 1452 [magnam
1227 1393 1404 1452 elegiam
1435 1394 1582 1448 affert,
1614 1393 1659 1440 in
1688 1407 1772 1453 qua

285 1472 388 1513 sunt
421 1465 466 1512 hi
497 1479 571 1511 sex
599 1479 780 1511 versus:

486 1541 640 1587 πάντες
670 1554 743 1592 μιν
776 1539 951 1593 τιμῶσιν
982 1539 1090 1593 ὁμῶς
1121 1537 1208 1581 νέοι
1239 1536 1308 1590 ἠδὲ
1337 1537 1536 1592 παλαιοί,

541 1608 679 1652 πολλὰ
710 1609 754 1652 δὲ
782 1612 940 1666 τερπνὰ
970 1610 1128 1653 παθὼν
1162 1609 1325 1667 ἔρχεται
1357 1613 1414 1660 εἷς
1442 1611 1570 1667 οἷ’ίδην
1588 1644 1598 1663 ,

480 1686 695 1739 γηράσκων
729 1682 767 1724 δ’
799 1682 958 1726 ἀστοῖσι
987 1682 1241 1738 μεταπρέπει
1258 1716 1267 1734 ,
1299 1682 1395 1725 οὐδέ
1425 1700 1490 1734 τις
1521 1684 1650 1728 αὐτόν

543 1753 747 1812 βλάπτειν
780 1755 869 1798 οὔτ’
900 1755 1042 1805 αἰδοῦς
1073 1757 1166 1798 οὔτε
1193 1755 1310 1811 δίκης
1337 1755 1486 1799 ἐθέλει.

484 1830 638 1877 πάντες
669 1825 708 1870 δ’
744 1829 790 1871 ἐν
825 1830 1031 1871 θώκοισιν
1065 1829 1172 1883 ὁμῶς
1203 1826 1291 1871 νέοι
1322 1829 1365 1870 οῗ
1393 1845 1436 1871 τε
1463 1827 1558 1871 κατ’
1583 1819 1712 1871 αὐτόν

547 1898 701 1943 εἰ’κουσ’
728 1901 773 1943 ἐκ
805 1903 938 1958 χώρης
967 1902 1011 1943 οἵ
1038 1917 1081 1943 τε
1107 1899 1390 1956 παλαιότεροι.

281 1974 344 2020 Ex
391 1973 443 2021 iis
488 1980 641 2033 quator
679 1972 724 2019 in
753 1973 925 2019 brevius
957 1973 1164 2020 contracti
1199 1973 1244 2018 in
1275 1972 1559 2032 Theognideis
1589 1971 1773 2021 circum-

281 2049 500 2094 feruntur:
1481 2064 1483 2066 v

342 2118 470 2179 (935)
501 2122 656 2169 πάντες
683 2135 757 2174 μιν
788 2120 977 2173 τιμῶσιν·
1008 2119 1116 2173 ὁμῶς
1149 2117 1237 2162 νέοι
1263 2118 1348 2161 οἵτε
1375 2118 1468 2161 κατ’
1501 2117 1630 2161 αὐτόν

542 2193 676 2250 χώρης
707 2191 912 2242 εἴκουσιν,
953 2191 1018 2234 τοί
1042 2208 1086 2234 τε
1116 2190 1401 2247 παλαιότεροι.

488 2268 705 2321 γηράσκων
738 2264 898 2308 οἷστοῒσι
927 2262 1206 2319 μεταπρέπει,
1238 2262 1335 2306 οὐδέ
1365 2280 1430 2314 τις
1460 2262 1588 2307 αὐτόν

546 2336 756 2395 βλάπτειν
787 2336 876 2380 οὔτ’
909 2335 1052 2387 αἷδοῦς
1082 2337 1174 2380 οὔτε
1206 2335 1324 2392 δίκης
1353 2335 1506 2380 ἐθέλει.

324 2568 352 2612 ¹)
391 2567 510 2602 Invitus
543 2570 655 2600 annoto
695 2565 906 2599 Nietzschium
939 2576 970 2609 p.
1005 2566 1067 2599 185
1089 2576 1136 2609 sq.
1159 2566 1234 2599 haee
1261 2565 1379 2598 dicere:
1407 2563 1579 2605 „Folgende
1599 2563 1690 2596 Verso
1712 2562 1776 2596 also

279 2626 407 2659 miiclne
442 2625 492 2658 ich
525 2625 555 2657 in
590 2633 725 2664 genauer
760 2623 1079 2664 Uehereinstimmung
1112 2624 1169 2656 mit
1200 2623 1295 2663 Bergk
1326 2622 1405 2655 ohne
1440 2622 1590 2654 Weiteres
1625 2621 1695 2655 dem
1718 2621 1778 2654 Mi-

281 2693 440 2717 mnermus
455 2683 740 2715 zuruckerstatten:
754 2691 800 2714 vs.
813 2681 983 2720 567—70;
999 2681 1149 2714 939—42
1163 2691 1172 2719 ;
1186 2679 1336 2713 983—88
1348 2689 1357 2718 ;
1370 2678 1498 2712 877—8
1512 2689 1521 2717 ;
1538 2678 1773 2717 1006--10123

284 2740 521 2778 1063-1070;
548 2739 719 2772 1¹29—52
732 2763 739 2777 ‚
763 2740 852 2772 sowie
876 2739 926 2772 die
948 2749 1046 2780 yanze
1057 2740 1176 2780 μοῦσα
1197 2737 1346 2780 παιδική
1363 2737 1434 2780 (mit
1457 2737 1632 2769 Ausnahme
1650 2746 1709 2769 von
1730 2745 1778 2768 vs.

280 2797 430 2832 1253-n1
450 2798 500 2831 die
511 2797 666 2831 solonisch
692 2796 761 2830 sind
775 2820 783 2834 ,
807 2797 866 2829 wie
888 2796 1024 2829 viellieht
1044 2796 1123 2829 auch
1146 2796 1201 2828 das
1225 2794 1362 2836 folgende
1386 2793 1560 2837 Distichon)
1575 2818 1584 2831 .
1607 2794 1638 2826 in
1656 2794 1711 2826 der
1721 2792 1778 2826 das

278 2856 438 2898 einmalige
460 2854 585 2899 Κύρνε
618 2854 680 2888 und
716 2852 909 2897 Σιμωνίδη
938 2854 1020 2886 wohl
1052 2863 1111 2886 nur
1144 2853 1242 2886 durch
1275 2852 1324 2885 die
1366 2851 1490 2884 Bosheit
1533 2852 1587 2885 des
1609 2851 1777 2889 Rediit-,tots

279 2914 330 2948 ffir
351 2913 402 2948 die
421 2913 532 2947 echten
554 2912 672 2946 Numen
693 2913 848 2954 eingeffigt
873 2911 997 2945 worden
1019 2912 1093 2945 ist.''

442 2971 506 3004 6⁴33
529 2970 718 3008 Βουλεύου
741 2970 802 3010 δὶς
824 2970 885 3004 καὶ
913 2971 1012 3012 τρεῖς,
1035 2969 1054 3002 ὅ
1083 2970 1140 3002 τοί
1165 2968 1195 3002 κ’
1223 2967 1284 3001 ἐπὶ
1307 2967 1371 3000 τόν
1394 2967 1476 3001 νόον
1504 2965 1610 3010 ἔλθῃ·

563 3029 694 3073 ἀτηρὸς
721 3029 792 3073 γάρ
820 3041 879 3061 τοι
905 3027 1041 3071 λαβρὸς
1065 3026 1157 3071 ἀνὴρ
1180 3025 1340 3060 τελέθει.
