1898 3386
982 251 1039 297 50

261 395 340 426 suo
373 381 566 427 subiecto
598 388 727 427 caret.
776 382 865 427 Hoc
895 382 1129 440 petendum
1161 389 1226 427 est
1256 396 1279 427 e
1312 389 1591 441 pentametro.
1641 381 1749 427 Nam

256 461 573 512 pentametrum
602 468 690 499 non
719 454 902 500 refertur
933 455 987 500 ad
1014 453 1163 509 οἷνδρὶ,
1199 455 1402 513 quoniam
1429 455 1533 511 ἀνήρ
1549 454 1633 499 hoc
1650 453 1746 498 loco

259 524 366 569 nihil
405 525 521 570 aliud
566 525 777 584 significat
808 540 937 585 quam
968 528 1058 581 τὶς,
1091 532 1134 571 et
1164 526 1357 586 exceptio
1388 533 1539 586 negata
1570 525 1750 574 coniun-

257 597 394 655 genda
424 604 490 643 est
524 612 623 643 cum
653 597 892 657 negatione.
926 598 1007 643 Pro
1048 590 1084 654 ᾦ
1114 598 1153 640 κ’
1186 598 1285 644 Mut.
1306 599 1433 644 hahet
1465 598 1555 643 ὦκ’.
1589 598 1652 645 Ex
1681 597 1749 644 his

258 667 409 715 litteris
439 684 536 715 meo
568 670 661 715 iure
690 671 895 729 protraho
925 671 970 721 ὃς
1001 669 1054 712 κ’.
1104 670 1253 730 Itaque
1284 685 1372 717 non
1403 685 1513 731 opus
1546 670 1627 718 erit
1662 669 1748 717 ulla

257 741 494 788 mutatione
527 750 570 788 et
594 742 740 788 omnia
769 749 885 788 recte
918 757 1012 788 sese
1043 742 1289 797 habebunt,
1326 743 1362 789 si
1395 743 1647 802 scripseris:

462 812 552 856 οὐδ’
584 812 723 856 ἐθέλει
755 813 875 868 φίλος
906 810 1045 868 εἶναι,
1079 816 1186 869 ἐπὴν
1218 817 1348 859 κακὸν
1376 815 1500 871 οὲνδρὶ
1531 815 1731 871 γένηται,

519 885 610 929 οὐδ’
639 890 683 937 ὃς
709 885 747 927 κ’
781 889 825 929 ἐκ
859 890 1061 943 γαστρός,
1097 889 1261 944 Κύρνε,
1295 892 1389 942 μιῆς
1420 891 1583 946 γεγόνῃ.

261 955 328 1002 »Si
360 957 457 1017 quis
488 958 533 1003 in
563 959 847 1005 calamitatem
875 958 1052 1014 incidit,
1086 959 1214 1016 huic,
1250 961 1409 1020 Cyrne,
1442 975 1497 1007 ne
1523 973 1752 1021 germanus

257 1028 385 1075 frater
415 1030 589 1090 quidem
620 1032 710 1077 vult
742 1031 905 1079 amicus
939 1033 1076 1079 esse.”

261 1300 321 1334 VS.
354 1287 438 1336 639
468 1289 660 1333 Πολλάκι
692 1309 776 1347 παρ
808 1291 936 1342 δόξαν
971 1309 1014 1334 τε
1045 1294 1115 1333 καὶ
1149 1290 1301 1333 ἐλπίδα
1333 1292 1524 1343 γίγνεται
1553 1285 1598 1332 εὖ
1624 1292 1711 1347 ῥεῖν

520 1363 607 1419 ε”ργ
638 1363 835 1419 ανδρῶν.
873 1362 1047 1422 βουλαῖς
1079 1363 1118 1406 δ’
1148 1363 1223 1406 οὐκ
1258 1362 1455 1416 ἐπέγεντο
1489 1361 1620 1412 τέλος.

259 1434 340 1480 Pro
374 1430 417 1477 εὖ
449 1437 534 1491 ῥεῖν
569 1436 697 1496 vulgo
727 1436 883 1495 legitur
916 1437 1082 1492 εὑρεῒνς
1115 1436 1280 1494 Bergk,
1314 1435 1480 1480 Ahiens
1519 1441 1562 1479 et
1600 1433 1753 1492 Empe-

258 1507 349 1553 rius
397 1508 674 1554 coniecerunt
720 1504 764 1552 εὖ
810 1512 910 1566 ῥεῖν.
959 1509 1137 1554 Etiamsi
1182 1522 1332 1566 graece
1374 1507 1458 1552 dici
1489 1512 1635 1566 posset
1665 1506 1750 1562 «ξ”ργ

257 1579 425 1636 ἀνδρῶν
469 1575 514 1623 εὖ
539 1583 624 1637 ῥεῖ’,
659 1588 802 1627 tamen
833 1582 1004 1627 illorum
1035 1581 1282 1627 coniectura
1315 1579 1594 1638 improbanda
1624 1585 1750 1624 esset.

258 1653 365 1698 Nam
413 1653 623 1699 sententia
669 1668 848 1713 prorsus
880 1654 1143 1700 contrarium
1172 1653 1323 1712 poscit.
1368 1651 1537 1697 Etenim
1567 1665 1655 1696 non
1685 1658 1752 1696 est

257 1725 471 1785 oppositio
518 1726 630 1771 inter
671 1727 777 1771 duas
811 1734 953 1785 partes
987 1725 1251 1779 sententiae,
1289 1724 1363 1769 sed
1409 1722 1622 1782 posterior
1650 1735 1749 1781 pars

257 1798 523 1857 superiorem
572 1799 769 1858 complet.
816 1800 899 1844 Res
945 1799 1075 1857 exigit
1121 1799 1299 1843 verbum
1348 1797 1461 1841 idem
1506 1794 1750 1854 significans

256 1877 385 1928 atque
419 1869 704 1913 ἀπόλλυσθαι.
746 1871 978 1916 Levissima
1013 1870 1249 1915 mutatione
1283 1883 1334 1914 ex
1367 1869 1497 1923 εὑρεῖν
1515 1868 1564 1912 fit
1582 1867 1748 1923 ἔρρειν,

252 1943 518 2000 pessumire,
564 1943 763 1988 interire.
816 1943 989 1989 Poetam
1030 1943 1171 1988 dicere
1224 1941 1435 1986 arbitror:
1489 1955 1641 2000 »saepe
1683 1957 1753 1988 ac-

258 2015 362 2060 cidit
408 2022 457 2060 ut
505 2029 573 2061 res
620 2016 832 2060 humanae
878 2022 1045 2074 praeter
1075 2029 1197 2074 spem
1231 2014 1464 2067 intereant,
1498 2020 1541 2059 et
1576 2014 1752 2061 consilia

259 2101 465 2134 successu
497 2102 622 2147 saepe
653 2087 842 2133 carent.”

260 2345 321 2377 VS.
356 2331 440 2377 659
475 2331 575 2373 Οὐδ’
607 2331 751 2386 ὀμόσαι
784 2334 856 2388 χρὴ
890 2331 1023 2384 τοῦθ’,
1059 2332 1124 2373 ὃτι
1139 2334 1295 2384 μήποτε
1322 2335 1492 2385 πρῆγμα
1509 2332 1594 2374 τόδ’
1614 2333 1751 2375 ἔσται*

527 2406 618 2446 θεοὶ
654 2407 731 2458 γάρ
763 2420 826 2445 τοι
859 2405 1066 2458 νεμεσῶσ’,
1103 2401 1209 2445 οἷσιν
1244 2403 1382 2445 ἔπεστι
1416 2403 1550 2453 τέλος·
1678 2397 1682 2400 ”

468 2479 538 2517 καὶ
570 2476 722 2530 πρῆξαι
755 2475 899 2530 μέντοι
931 2491 989 2518 τι·
1022 2478 1093 2517 καὶ
1127 2477 1171 2517 ἐκ
1203 2479 1332 2518 κακοῦ
1366 2475 1518 2518 ἐσθλόν
1554 2476 1720 2532 ἔγεντο,

525 2551 595 2590 καὶ
631 2550 760 2590 κακὸν
794 2549 837 2597 ἐξ
866 2548 1047 2600 ἀγαθοῦ·
1080 2549 1152 2590 καί
1185 2565 1228 2590 τε
1259 2556 1451 2604 πενιχρός
1483 2549 1587 2605 οένήρ

467 2618 580 2677 αἶψα
612 2620 709 2676 μάλ’
741 2619 978 2676 ἐπλούτησε·
1011 2623 1083 2662 καὶ
1112 2622 1156 2670 ὃς
1185 2620 1297 2675 μάλα
1327 2619 1463 2662 πολλὰ
1493 2621 1706 2675 πέπαται,

524 2694 724 2749 ἐξαπίνης
753 2693 879 2736 πάντ’
911 2688 986 2736 οὖν
1017 2692 1140 2735 ὤλεσε
1171 2695 1293 2736 νυκτὶ
1325 2700 1411 2750 μιῇ.

473 2769 543 2808 καὶ
574 2769 745 2821 σώφρων
778 2769 954 2821 ἥμαρτε,
991 2768 1061 2807 καὶ
1091 2769 1246 2821 ἄφρονι
1276 2765 1456 2808 πολλάκι
1487 2766 1590 2816 δόξα

525 2837 672 2881 ἕσπετο
692 2870 703 2889 ,
739 2842 808 2880 καὶ
843 2844 962 2892 τιμῆς
993 2840 1062 2880 καὶ
1095 2839 1221 2888 κακὸς
1250 2839 1309 2880 ὢν
1342 2838 1509 2895 ἔλαχεν.

267 2910 425 2955 Eadem
471 2910 680 2956 cantilena
719 2911 887 2956 canitur
931 2925 991 2956 vs.
1025 2909 1280 2965 133-140,
1314 2910 1570 2965 tel-164,
1606 2910 1750 2956 585-

264 2982 377 3036 590,
410 2981 712 3030 1075-1078.
764 2982 914 3028 Omnia
944 2983 1170 3042 perspicua
1202 2990 1302 3028 sunt
1335 2990 1503 3042 praeter
1532 2984 1660 3031 verba
1676 2985 1747 3026 καὶ
