1898 3386
865 262 894 306 3

203 393 428 439 Camerarii
459 393 647 452 vestigiis
677 400 720 438 et
750 393 819 438 alii
853 391 1035 450 ingressi
1069 398 1170 437 sunt
1200 397 1242 436 et
1262 388 1471 448 imprimis
1498 387 1542 431 F.
1566 385 1615 432 G.

148 465 365 518 Welcker‚
407 466 482 524 qui
525 465 782 524 Theognidis
818 463 1019 522 reliquias
1057 477 1168 508 novo
1199 461 1346 507 ordine
1380 457 1616 518 disposuit,

149 537 551 583 commentationem
590 538 780 583 criticam
820 544 863 582 et
893 543 1015 581 notas
1046 535 1210 580 adiecit.
1256 532 1395 578 Editio
1426 531 1621 577 Welcke-

146 609 285 662 riana,
326 625 434 668 quae
475 609 633 668 prodiit
664 624 698 654 a.
734 607 869 662 1826,
901 607 1088 653 abundat
1118 605 1310 652 doctrina
1337 611 1464 663 atque
1497 603 1621 661 plena

148 688 214 726 est
242 682 378 727 honae
407 682 568 740 frugis,
607 689 700 726 tum
728 687 903 740 propter
927 679 1154 725 utilitatem
1185 674 1556 724 commentationis
1581 681 1624 719 et

149 754 472 808 annotationum
488 789 498 807 ,
520 760 612 798 tum
642 760 867 812 propterea
893 752 1008 811 quod
1028 766 1079 796 ex
1104 750 1196 796 aliis
1222 764 1348 795 omne
1367 762 1502 807 genus
1519 745 1623 792 scri-

146 826 341 885 ptoribus
392 809 549 871 similes
594 825 676 870 loci
726 826 779 870 ad
822 825 928 870 imas
960 824 1134 883 paginas
1164 822 1276 868 allati
1305 828 1416 867 sunt.
1463 820 1621 867 Dividit

145 898 344 943 Welcker
388 897 658 956 Theognidea
701 897 746 941 in
784 896 970 943 Gnomas
1011 897 1064 941 ad
1105 897 1291 955 Cyrnum
1307 931 1317 948 ‚
1365 894 1551 941 Gnomas
1581 901 1624 939 et

149 970 429 1028 Polypaedam
445 1006 455 1023 ‚
492 970 686 1015 Carmina
727 969 982 1022 convivalia,
1024 969 1358 1028 Epigrammata,
1401 967 1623 1020 Parodias‚

150 1041 402 1100 Fragmenta
443 1042 623 1087 aliorum
661 1048 906 1100 poetarum,
954 1041 1116 1087 Musam
1145 1041 1363 1100 puerilem.
1411 1039 1627 1098 Quidquid

152 1113 203 1158 de
244 1114 324 1158 hac
353 1113 559 1159 divisione
593 1114 821 1159 dicendum
851 1121 939 1167 est,
977 1114 1021 1159 id
1050 1114 1140 1159 sine
1173 1114 1303 1159 dubio
1335 1113 1533 1158 Welcker
1562 1125 1630 1156 er-

153 1185 280 1238 ravit,
333 1187 448 1245 quod
496 1200 583 1231 non
628 1193 794 1231 tantum
839 1186 884 1230 in
924 1186 1281 1231 commentatione
1322 1185 1395 1230 sed
1425 1184 1553 1229 etiam
1586 1183 1631 1228 in

155 1256 258 1315 ipsis
287 1258 481 1303 versibus
513 1258 758 1303 ordinandis
791 1273 885 1303 eam
917 1265 1089 1303 secutus
1116 1266 1192 1303 est.
1225 1257 1339 1310 Quae
1364 1257 1472 1302 ratio
1504 1269 1631 1313 quam

141 1328 428 1374 ‘incommoda
462 1330 516 1375 sit
556 1330 748 1375 ostendit
791 1329 891 1375 Geel
922 1330 966 1374 in
994 1330 1135 1389 operis
1160 1328 1444 1375 Welckeriani
1469 1328 1634 1373 erudita

158 1407 201 1445 et
231 1401 404 1460 copiosa
435 1402 727 1460 recognitione
744 1439 754 1456 ‚
787 1417 895 1461 quae
928 1402 1085 1461 legitur
1115 1402 1216 1447 Bibl.
1252 1402 1352 1447 Crit.
1386 1402 1486 1447 Nov.
1519 1399 1634 1446 1828

159 1471 212 1534 IV
261 1487 301 1531 p.
359 1472 444 1519 209
506 1489 598 1533 sqq.
649 1475 755 1520 Cum
807 1474 950 1520 Geelio
992 1474 1205 1520 consentit
1250 1473 1546 1519 Schneidewin
1590 1471 1636 1516 in

159 1543 335 1589 Delectu
375 1553 598 1605 poetarum
645 1546 814 1604 elegiae.
847 1561 982 1605 graec.
1016 1561 1056 1605 p.
1092 1546 1159 1592 52.
1190 1547 1300 1591 Bene
1329 1547 1484 1590 factum
1521 1544 1636 1603 quod

162 1617 420 1675 posteriores
479 1618 664 1663 editores
707 1633 882 1677 omnes,
922 1618 1073 1671 Orelli,
1119 1618 1277 1676 Bergk,
1324 1617 1392 1662 alii
1440 1615 1637 1661 codicum

162 1687 354 1734 ordinem
394 1697 626 1734 servarunt.
673 1690 753 1735 Sed
782 1705 933 1734 rursus
963 1690 1042 1735 alia
1072 1704 1140 1734 res
1170 1689 1398 1734 metuenda
1430 1695 1508 1733 est.
1554 1687 1642 1731 Nu-

162 1774 306 1805 merus
342 1761 455 1806 enim
489 1768 711 1820 poetarum
744 1762 900 1821 quibus
931 1762 1070 1821 aliqua
1100 1776 1198 1820 pars
1230 1761 1518 1806 miscellorum
1550 1771 1640 1803 car-

163 1832 329 1889 minum
369 1833 571 1878 tribuitur
614 1841 822 1892 perpetuo
870 1834 1034 1879 crescit.
1101 1833 1208 1878 Sunt
1265 1833 1309 1878 in
1357 1830 1639 1890 Theognideis

168 1911 353 1962 quatuor
396 1905 707 1951 admonitiones
753 1906 1004 1964 incipientes
1035 1921 1059 1957 a
1087 1906 1249 1951 verbis:
1281 1904 1412 1960 μηδὲν
1442 1908 1556 1956 ἄγαν
1588 1904 1639 1962 ¹).

167 1975 304 2021 Huius
344 1977 459 2022 vocis
494 1992 706 2023 memores
737 1978 907 2023 videant
937 1978 1073 2023 critici
1103 1992 1156 2022 ne
1188 1977 1401 2036 Theognis
1432 1972 1523 2035 ipse
1566 1989 1642 2020 sua

167 2054 285 2111 parte
315 2048 598 2094 defraudetur.
649 2050 868 2095 Praeterea
893 2056 1091 2109 reputare
1120 2049 1251 2094 velint
1275 2049 1390 2093 aliud
1414 2062 1508 2094 esse
1535 2048 1644 2105 frag-

167 2127 361 2165 mentum
389 2121 561 2180 aliquod
591 2122 831 2167 abiudicare
862 2137 886 2166 a
918 2122 1185 2180 Theognide,
1212 2121 1327 2166 aliud
1342 2127 1459 2165 certo
1477 2119 1645 2165 cuidam

170 2199 320 2249 poetae
350 2192 463 2237 idem
490 2194 774 2251 fragmentum
807 2194 1032 2239 vindicare.

227 2264 314 2308 Iam
349 2264 577 2309 dicendum
607 2272 672 2310 est
702 2265 805 2324 quid
835 2265 941 2309 mihi
966 2265 1234 2324 propositum
1260 2264 1326 2309 sit.
1375 2260 1569 2310 Conabor
1592 2262 1644 2307 ad

170 2335 390 2381 meliorem
422 2337 710 2395 cognitionem
729 2337 1023 2396 Theognideae
1037 2336 1256 2395 farraginis
1271 2335 1466 2381 nonnihil
1480 2334 1642 2380 afferre.

170 2407 287 2452 Hanc
332 2407 423 2453 re'm
455 2408 513 2453 ita
547 2410 641 2454 volo
675 2409 841 2454 efficere
858 2446 868 2462 ‚
909 2416 958 2453 ut
987 2409 1126 2468 primo
1157 2407 1415 2466 Theognidis
1445 2405 1646 2465 reliquias

171 2479 419 2524 adumbrem
438 2516 449 2533 ,
483 2487 576 2524 tum
614 2482 731 2526 locos
760 2481 966 2526 imitando
995 2494 1241 2539 expressos,
1274 2479 1400 2524 tertio
1424 2478 1643 2538 parodias‚

175 2558 325 2609 quarto
354 2552 587 2610 fragmenta
618 2567 727 2612 quae
755 2560 919 2598 veteres
950 2553 1041 2597 aliis
1073 2551 1210 2611 poetis
1227 2551 1492 2605 tribuerunt;
1517 2563 1645 2608 porro

173 2623 218 2668 in
262 2622 412 2682 quinto
455 2624 591 2683 capite
629 2625 878 2670 brevissime
914 2625 1118 2683 attingam
1151 2624 1347 2682 exiguam
1396 2622 1646 2681 particulam

176 2694 437 2754 quaestionis
453 2732 463 2749 ‚
496 2711 623 2754 quam
655 2697 863 2743 rationem
892 2697 928 2743 is
959 2697 1034 2756 qui
1067 2697 1171 2742 haec
1190 2695 1333 2741 omnia
1347 2694 1391 2740 in
1406 2708 1542 2739 unum
1561 2694 1647 2739 col-

174 2835 256 2867 lectu
278 2833 456 2874 dignissima
477 2836 550 2864 sunt
573 2839 650 2872 quae
671 2829 709 2861 de
732 2825 934 2867 Theognideis
955 2825 1045 2857 codd.
1071 2824 1242 2865 disputavit
1266 2823 1316 2856 Fr.
1339 2822 1501 2855 Nietzsche
1524 2822 1554 2853 in
1566 2829 1653 2852 com-

177 2893 363 2926 mentatione
396 2900 451 2922 zur
484 2888 667 2921 Geschichto
700 2886 754 2918 der
793 2883 1073 2923 Theognideischen
1109 2880 1423 2923 Spruchsammlung,
1456 2889 1532 2921 quae
1553 2878 1655 2910 estin

175 2951 277 2983 Museo
299 2949 396 2981 Rhen.
421 2945 502 2979 1367
526 2955 558 2987 p.
581 2943 762 2977 161-200.

227 3007 257 3049 ⁴)
292 3006 344 3038 Vs.
365 3004 451 3040 2¹9,
474 3003 558 3039 335,
581 3001 639 3035 ⁴0¹
656 3025 664 3037 ‚
688 3000 761 3032 657.
