1898 3386
1011 243 1037 287 ⁹2

289 373 341 417 ab
372 372 490 417 omni
519 371 710 430 periculo
740 373 848 426 tuti,
880 379 1044 431 partem
1074 374 1301 418 verborum
1332 387 1355 418 e
1386 373 1667 432 Theognideis
1699 374 1764 418 fu-

289 451 496 489 rarentur.
543 444 689 503 Neque
733 444 958 489 defuerunt
999 444 1073 503 qui
1114 445 1222 489 bene
1260 451 1446 490 moratos
1487 460 1535 491 ac
1574 446 1763 491 sinceros

289 531 438 562 versus
473 516 658 575 pessime
702 515 877 561 moratis
924 531 971 561 ac
1002 516 1188 575 parodiis
1210 523 1443 571 mutarent,
1476 532 1555 564 nec
1583 518 1657 577 qui
1682 519 1765 563 hoc

290 587 617 647 suppositicium
648 602 783 646 genus
817 602 894 646 pro
916 602 1117 646 germano
1143 588 1222 633 sibi
1246 589 1335 633 dari
1360 589 1479 635 facile
1502 597 1760 649 paterentur.

290 661 343 705 Et
374 674 460 719 quo
492 660 627 718 magis
658 659 785 704 etiam
815 660 1074 718 exspectatio
1106 666 1256 719 poetae
1289 660 1574 719 deciperetur,
1611 661 1765 707 accidit

290 740 339 777 ut
364 733 510 778 nescio
542 732 615 791 qui
655 746 706 776 ex
745 732 837 777 eius
874 732 1020 791 elegiis
1061 739 1336 791 excerperent
1370 748 1477 792 quae
1520 735 1760 792 placebant,

292 819 379 864 quo
419 806 529 851 facto
570 805 774 864 pristinae
812 804 969 863 elegiae
997 804 1199 863 paulatim
1230 805 1275 849 in
1303 805 1557 851 oblivionem
1586 806 1762 851 abirent.

291 877 544 936 Nequedum
576 877 676 923 satis
712 876 981 922 miseriarum
1006 883 1116 930 erat,
1146 877 1221 922 sed
1246 877 1375 922 veluti
1402 879 1600 924 cumulus
1623 892 1766 923 acces-

291 948 346 994 sit
391 949 519 995 etiam
553 956 602 994 ut
646 950 750 994 haec
792 949 925 994 electa
968 948 1355 994 diversissimorum
1397 956 1618 1008 poetarum
1657 953 1767 1011 frag-

288 1021 445 1067 mentis
475 1021 846 1080 permiscerentur.
894 1020 1056 1073 Quibus
1089 1021 1287 1066 omnibus
1310 1022 1437 1067 rebus
1476 1023 1633 1068 factum
1672 1030 1763 1078 est,

288 1100 337 1138 ut
378 1093 489 1140 inter
530 1108 603 1140 eos
634 1108 782 1139 versus
819 1093 892 1152 qui
927 1093 1186 1152 Theognidis
1210 1093 1382 1139 nomine
1409 1094 1765 1140 circumferuntur

289 1167 491 1225 permulti
529 1167 634 1220 sint,
676 1180 860 1225 quorum
902 1171 1120 1210 auctorem
1166 1166 1232 1210 vel
1272 1165 1345 1210 diu
1383 1166 1573 1211 meditati
1603 1167 1764 1225 posteri

290 1239 508 1297 ignorent,
555 1239 713 1284 nedum
759 1237 1057 1296 unusquisque
1102 1237 1241 1296 primo
1282 1238 1435 1283 obtutu
1476 1239 1764 1299 Theognidem

286 1318 505 1357 auctorem
535 1317 749 1370 agnoscat.

346 1384 539 1429 Carmina
576 1398 684 1442 quae
715 1381 973 1441 Theognidis
1005 1396 1162 1427 nomen
1192 1396 1291 1441 prae
1325 1397 1370 1427 se
1401 1383 1542 1428 ferunt
1573 1399 1596 1429 e
1631 1385 1767 1431 diver-

288 1457 345 1502 sis
378 1471 471 1502 esse
499 1456 679 1501 conflata
714 1454 900 1513 primus,
936 1461 1143 1513 quantum
1174 1455 1285 1508 scio,
1315 1455 1461 1500 docuit
1486 1456 1763 1503 Camerarius.

287 1528 397 1574 Dicit
424 1529 537 1574 enim
567 1528 611 1573 in
641 1526 954 1587 prolegomenis
985 1527 1037 1571 ad
1063 1526 1320 1585 Theognidis
1347 1527 1655 1588 editionem¹):
1687 1535 1763 1573 νῦν

287 1601 330 1643 δὲ
372 1603 582 1656 φανερὸν,
623 1601 687 1642 ὅτι
729 1601 780 1641 τὰ
818 1598 1040 1650 Θὲόγνιδος
1078 1601 1312 1654 ἐπιγραφὴν
1345 1600 1498 1656 ἔχοντα
1529 1601 1608 1656 ἔπη
1634 1616 1762 1644 συνα-

286 1676 483 1730 θροισμός
528 1673 589 1721 τίς
630 1674 713 1713 ἐστι
758 1675 999 1725 ποιημάτων
1041 1674 1124 1713 κτὲ.
1174 1671 1373 1716 Nondum
1413 1681 1670 1731 cognoverat
1699 1674 1764 1720 Vir

287 1760 481 1792 summus
519 1751 779 1803 postremam
818 1750 982 1802 partem
1023 1743 1297 1802 incipientem
1341 1759 1364 1788 a
1393 1760 1453 1790 vs.
1487 1744 1620 1799 1231,
1654 1761 1762 1805 quae

284 1817 532 1863 inscribitur
574 1818 899 1858 ΕΛΕΓΕΙΩΝ
919 1814 988 1860 B'.
1035 1816 1151 1860 Hanc
1181 1815 1344 1874 primus
1375 1817 1560 1875 vulgavit
1600 1818 1630 1862 Ι.
1657 1818 1762 1863 Bek-

282 1891 358 1935 ker
396 1905 419 1935 e
465 1889 611 1935 codice
658 1887 886 1934 Mutinensi
932 1887 1006 1946 qui
1047 1894 1247 1940 vocatur,
1288 1888 1361 1947 qui
1391 1889 1507 1935 solus
1536 1904 1628 1935 eam
1660 1903 1762 1935 con-

281 1963 388 2008 tinet
414 1963 465 2021 2).
544 1965 547 1966 ’

333 2132 360 2173 ¹)
398 2131 475 2163 Utor
497 2120 632 2162 editione
657 2129 839 2165 Rassseensi,
861 2130 950 2161 euius
971 2129 1099 2170 epistola
1124 2130 1345 2171 nuncupatoria
1369 2130 1482 2171 scripta
1505 2135 1553 2162 est
1570 2140 1601 2163 a.
1625 2130 1719 2163 1550.

331 2189 358 2231 2)
397 2190 541 2221 Servatur
578 2187 723 2224 Parisiis,
752 2187 892 2226 signatus
927 2187 957 2218 in
996 2187 1152 2228 Supplcm.
1175 2187 1266 2219 catal.
1290 2196 1337 2219 nr.
1361 2186 1435 2218 388.
1460 2186 1556 2219 Habet
1584 2187 1655 2220 solia
1680 2187 1764 2225 112,

274 2248 387 2289 quibus
398 2242 909 2288 continenturz‘Ounqdnsvvpa,
931 2253 947 2275 a
971 2243 1042 2275 solio
1072 2243 1084 2275 1
1113 2254 1210 2287 usque
1234 2243 1271 2275 ad
1296 2244 1349 2277 sol.
1375 2244 1415 2276 ⁴3
1439 2254 1489 2280 v.:
1517 2245 1708 2287 Epigramma
1733 2246 1764 2278 in

275 2304 436 2344 imaginem
466 2303 654 2339 occasionis,
690 2302 730 2333 44
770 2311 817 2339 r.;
854 2301 974 2333 Scholia
999 2301 1029 2333 in
1054 2301 1191 2343 Dionysii
1216 2300 1459 2344 Περιήγησιν,
1483 2302 1524 2334 44
1546 2312 1585 2340 v;
1612 2301 1765 2344 Θεόγνι-

276 2362 339 2400 δος
350 2362 516 2404 ἐλεγείων
530 2360 578 2401 α’,
604 2360 644 2393 45
668 2359 839 2393 r.—71r.:
868 2359 1034 2401 ἐλεγείων
1059 2359 1121 2400 β’,
1146 2358 1182 2390 71
1209 2357 1323 2392 r.—73
1347 2369 1395 2396 V.;
1422 2359 1636 2392 Φωκυλίδου
1659 2361 1762 2399 φιλο·-

272 2420 380 2459 σόφου
413 2421 550 2463 ποίησις
584 2418 775 2459 ὠφέλιμος,
813 2416 854 2448 74
889 2416 1004 2449 v.-79
1027 2426 1073 2454 r.;
1113 2416 1306 2449 Kal-oiston
1330 2419 1479 2459 ποιητοῦ
1505 2416 1760 2452 Λυκοπολίτου

272 2478 419 2520 ἁρπαγὴ
461 2481 525 2520 τῆς
561 2473 738 2517 ιςΕλεῖἰιηιῑ,
786 2473 826 2506 79
838 2473 1004 2510 r.===87r.;
1039 2474 1232 2507 Διονυσίου
1277 2474 1483 2516 οἰκουμένης
1528 2478 1758 2519 περιήγησις,

277 2536 318 2569 87
346 2535 481 2568 r.—11'·2
514 2545 542 2566 v.
575 2548 620 2556 --
661 2533 817 2564 Summam
859 2531 974 2563 codicis
1006 2532 1139 2572 comperi
1166 2541 1203 2563 ex
1234 2531 1354 2563 oculato
1391 2536 1489 2568 teste,
1527 2532 1580 2573 qui
1604 2539 1758 2575 praeterea

271 2601 388 2640 partem
423 2591 684 2632 Theognideorum
708 2590 783 2621 satis
806 2598 943 2628 magnam
967 2599 983 2620 a
1008 2599 1038 2620 sc
1062 2589 1293 2630 transscriptam
1320 2589 1393 2620 mihi
1418 2589 1638 2622 humanissime
1661 2595 1754 2623 uteu-

271 2655 341 2686 dam
364 2650 461 2684 dedit.

326 2711 397 2742 Post
441 2708 661 2742 Mutinensem,
707 2714 800 2737 unum
845 2704 980 2735 omnium
1015 2703 1336 2745 praestantissimum,
1369 2704 1492 2735 maximi
1529 2705 1673 2736 momenti
1707 2709 1757 2736 est

263 2769 427 2802 Vaticanus
460 2775 506 2797 nr.
541 2764 603 2796 915
636 2767 666 2795 et
701 2762 832 2794 Venetus
865 2761 954 2793 Marc.
988 2770 1035 2794 nr.
1069 2760 1143 2793 522.
1183 2760 1328 2793 venetum
1363 2766 1465 2793 autem
1494 2771 1510 2793 e
1533 2761 1676 2794 Vaticano
1699 2762 1756 2794 de-

272 2827 422 2867 scriptum
456 2833 522 2855 esse
547 2822 750 2864 probaverunt
775 2819 845 2851 Chr.
870 2819 986 2858 Ziegler
1008 2824 1038 2850 et
1063 2820 1098 2851 A.
1122 2818 1198 2850 Hart
1222 2819 1252 2850 in
1278 2818 1375 2850 Iahnii
1400 2818 1518 2850 Annall.
1543 2819 1628 2851 1868
1647 2829 1675 2860 p.
1691 2818 1754 2851 329

270 2894 338 2926 sqq.
360 2882 407 2914 Cf.
430 2880 575 2923 praefatio
600 2878 781 2911 novissimae
811 2876 996 2917 Theognidis
1021 2876 1183 2916 elegiarum
1206 2876 1373 2912 editionis,
1397 2886 1487 2918 quam
1511 2887 1527 2908 e
1550 2876 1640 2908 codd.
1654 2875 1752 2917 Mat„

268 2943 374 2975 Venet.
407 2944 438 2971 et
473 2938 568 2970 vatic.
590 2936 708 2968 curavit
731 2934 802 2967 Chr.
827 2934 965 2975 Ziegler,
990 2933 1073 2965 1868
1096 2932 1261 2973 Tubingae.
1297 2933 1339 2965 De
1363 2933 1464 2966 tribus
1488 2933 1646 2966 codicibus
1675 2934 1755 2966 inter

267 3011 299 3032 se
331 2997 450 3031 collatis
487 2996 576 3027 docte
608 2998 639 3025 et
674 2994 795 3034 copiose
822 2992 915 3031 Bergk
941 2993 970 3023 in
997 2991 1100 3023 Museo
1125 2991 1222 3023 Rhen.
1248 2990 1330 3022 1845
1355 3001 1384 3032 p.
1406 2990 1483 3023 206.
1505 3001 1572 3034 sqq.
1596 2991 1751 3024 Praeterea
