<?xml version="1.0" encoding="UTF-8"?>
<!DOCTYPE html PUBLIC "-//W3C//DTD XHTML 1.0 Transitional//EN"
    "http://www.w3.org/TR/xhtml1/DTD/xhtml1-transitional.dtd">
<html xmlns="http://www.w3.org/1999/xhtml" xml:lang="en" lang="en">
 <head>
  <title>
</title>
<meta http-equiv="Content-Type" content="text/html;charset=utf-8" />
  <meta name='ocr-system' content='tesseract 3.04.00' />
  <meta name='ocr-capabilities' content='ocr_page ocr_carea ocr_par ocr_line ocrx_word'/>
</head>
<body>
  <div class='ocr_page' id='page_1' title='image "./studiatheognidea00meyhuoft_0029.png"; bbox 0 0 1898 3386; ppageno 0'>
   <div class='ocr_carea' id='block_1_1' title="bbox 910 245 965 290">
    <p class='ocr_par' dir='ltr' id='par_1_1' title="bbox 910 245 965 290">
     <span class='ocr_line' id='line_1_1' title="bbox 910 245 965 290; baseline 0.018 -1"><span class='ocrx_word' id='word_1_1' title='bbox 910 245 965 290; x_wconf 83' lang='lat'>19</span> 
     </span>
    </p>
   </div>
   <div class='ocr_carea' id='block_1_2' title="bbox 194 373 1684 2670">
    <p class='ocr_par' dir='ltr' id='par_1_2' title="bbox 195 373 1677 638">
     <span class='ocr_line' id='line_1_2' title="bbox 198 373 1677 435; baseline -0.003 -14"><span class='ocrx_word' id='word_1_2' title='bbox 198 376 447 435; x_wconf 87' lang='lat' dir='ltr'>Discrepant</span> <span class='ocrx_word' id='word_1_3' title='bbox 492 376 734 421; x_wconf 78' lang='lat' dir='ltr'><strong>Athenaeus</strong></span> <span class='ocrx_word' id='word_1_4' title='bbox 782 375 834 419; x_wconf 88' lang='lat' dir='ltr'>VI</span> <span class='ocrx_word' id='word_1_5' title='bbox 880 389 908 433; x_wconf 91' lang='lat' dir='ltr'>p</span> <span class='ocrx_word' id='word_1_6' title='bbox 953 374 1039 420; x_wconf 80' lang='lat'>310</span> <span class='ocrx_word' id='word_1_7' title='bbox 1085 391 1119 420; x_wconf 86' lang='lat' dir='ltr'>c.</span> <span class='ocrx_word' id='word_1_8' title='bbox 1166 383 1209 420; x_wconf 92' lang='lat' dir='ltr'>et</span> <span class='ocrx_word' id='word_1_9' title='bbox 1265 374 1426 420; x_wconf 86' lang='lat' dir='ltr'>Suidas.</span> <span class='ocrx_word' id='word_1_10' title='bbox 1472 374 1594 427; x_wconf 88' lang='lat' dir='ltr'>Quod</span> <span class='ocrx_word' id='word_1_11' title='bbox 1623 373 1677 417; x_wconf 88' lang='lat' dir='ltr'>ad</span> 
     </span>
     <span class='ocr_line' id='line_1_3' title="bbox 196 447 1676 506; baseline -0.001 -13"><span class='ocrx_word' id='word_1_12' title='bbox 196 455 328 494; x_wconf 90' lang='lat' dir='ltr'>testes</span> <span class='ocrx_word' id='word_1_13' title='bbox 371 448 547 501; x_wconf 82' lang='lat' dir='ltr'>attinet,</span> <span class='ocrx_word' id='word_1_14' title='bbox 592 462 661 493; x_wconf 87' lang='lat' dir='ltr'>res</span> <span class='ocrx_word' id='word_1_15' title='bbox 705 448 790 491; x_wconf 87' lang='lat' dir='ltr'>huc</span> <span class='ocrx_word' id='word_1_16' title='bbox 842 447 976 492; x_wconf 89' lang='lat' dir='ltr'>redit:</span> <span class='ocrx_word' id='word_1_17' title='bbox 1009 447 1332 506; x_wconf 84' lang='lat' dir='ltr'>locupletissimi</span> <span class='ocrx_word' id='word_1_18' title='bbox 1367 455 1498 494; x_wconf 90' lang='lat' dir='ltr'>testes</span> <span class='ocrx_word' id='word_1_19' title='bbox 1529 448 1676 503; x_wconf 90' lang='lat' dir='ltr'>aiunt;</span> 
     </span>
     <span class='ocr_line' id='line_1_4' title="bbox 197 519 1677 579; baseline -0.001 -13"><span class='ocrx_word' id='word_1_20' title='bbox 197 520 427 566; x_wconf 83' lang='lat' dir='ltr'>oscitantes</span> <span class='ocrx_word' id='word_1_21' title='bbox 447 557 457 574; x_wconf 89' lang='lat'>‚</span> <span class='ocrx_word' id='word_1_22' title='bbox 506 520 580 577; x_wconf 91' lang='lat' dir='ltr'>qui</span> <span class='ocrx_word' id='word_1_23' title='bbox 625 519 697 564; x_wconf 90' lang='lat' dir='ltr'>diu</span> <span class='ocrx_word' id='word_1_24' title='bbox 743 526 841 578; x_wconf 91' lang='lat' dir='ltr'>post</span> <span class='ocrx_word' id='word_1_25' title='bbox 888 519 1167 573; x_wconf 87' lang='lat' dir='ltr'>audiverunt,</span> <span class='ocrx_word' id='word_1_26' title='bbox 1218 527 1400 579; x_wconf 82' lang='lat' dir='ltr'>negant3</span> <span class='ocrx_word' id='word_1_27' title='bbox 1447 520 1555 565; x_wconf 88' lang='lat' dir='ltr'>utris</span> <span class='ocrx_word' id='word_1_28' title='bbox 1586 531 1677 565; x_wconf 88' lang='lat' dir='ltr'>cre-</span> 
     </span>
     <span class='ocr_line' id='line_1_5' title="bbox 195 592 527 638; baseline -0.006 -1"><span class='ocrx_word' id='word_1_29' title='bbox 195 593 382 638; x_wconf 92' lang='lat' dir='ltr'>dendum</span> <span class='ocrx_word' id='word_1_30' title='bbox 427 592 527 638; x_wconf 83' lang='lat' dir='ltr'>est‘?</span> 
     </span>
    </p>

    <p class='ocr_par' dir='ltr' id='par_1_3' title="bbox 194 664 1678 940">
     <span class='ocr_line' id='line_1_6' title="bbox 254 664 1678 722; baseline 0 -12"><span class='ocrx_word' id='word_1_31' title='bbox 254 664 520 722; x_wconf 84' lang='lat' dir='ltr'>Quamquam</span> <span class='ocrx_word' id='word_1_32' title='bbox 574 671 716 709; x_wconf 88' lang='lat' dir='ltr'>autem</span> <span class='ocrx_word' id='word_1_33' title='bbox 766 664 949 709; x_wconf 87' lang='lat' dir='ltr'>inversio</span> <span class='ocrx_word' id='word_1_34' title='bbox 966 700 976 718; x_wconf 93' lang='lat'>‚</span> <span class='ocrx_word' id='word_1_35' title='bbox 1031 677 1138 721; x_wconf 89' lang='lat' dir='ltr'>quae</span> <span class='ocrx_word' id='word_1_36' title='bbox 1186 666 1406 711; x_wconf 82' lang='lat' dir='ltr'>subactam</span> <span class='ocrx_word' id='word_1_37' title='bbox 1454 664 1678 711; x_wconf 89' lang='lat' dir='ltr'>mulierem</span> 
     </span>
     <span class='ocr_line' id='line_1_7' title="bbox 196 736 1678 796; baseline -0.001 -13"><span class='ocrx_word' id='word_1_38' title='bbox 196 738 337 783; x_wconf 90' lang='lat' dir='ltr'>taedio</span> <span class='ocrx_word' id='word_1_39' title='bbox 367 736 529 782; x_wconf 91' lang='lat' dir='ltr'>domini</span> <span class='ocrx_word' id='word_1_40' title='bbox 561 744 727 795; x_wconf 91' lang='lat' dir='ltr'>captam</span> <span class='ocrx_word' id='word_1_41' title='bbox 758 750 852 782; x_wconf 91' lang='lat' dir='ltr'>esse</span> <span class='ocrx_word' id='word_1_42' title='bbox 884 736 1116 795; x_wconf 83' lang='lat' dir='ltr'>significat,</span> <span class='ocrx_word' id='word_1_43' title='bbox 1146 752 1184 782; x_wconf 87' lang='lat' dir='ltr'>.a</span> <span class='ocrx_word' id='word_1_44' title='bbox 1215 737 1474 796; x_wconf 84' lang='lat' dir='ltr'>Theognidis</span> <span class='ocrx_word' id='word_1_45' title='bbox 1505 737 1678 796; x_wconf 87' lang='lat' dir='ltr'>ingenio</span> 
     </span>
     <span class='ocr_line' id='line_1_8' title="bbox 194 808 1678 869; baseline 0.001 -14"><span class='ocrx_word' id='word_1_46' title='bbox 194 810 413 863; x_wconf 90' lang='lat' dir='ltr'>abhorret,</span> <span class='ocrx_word' id='word_1_47' title='bbox 445 816 587 854; x_wconf 91' lang='lat' dir='ltr'>tamen</span> <span class='ocrx_word' id='word_1_48' title='bbox 618 809 730 854; x_wconf 91' lang='lat' dir='ltr'>inest</span> <span class='ocrx_word' id='word_1_49' title='bbox 754 808 912 866; x_wconf 89' lang='lat' dir='ltr'>aliquid</span> <span class='ocrx_word' id='word_1_50' title='bbox 946 808 1279 868; x_wconf 85' lang='lat' dir='ltr'>Theognideum.</span> <span class='ocrx_word' id='word_1_51' title='bbox 1311 810 1678 869; x_wconf 85' lang='lat' dir='ltr'>Deprehendimus</span> 
     </span>
     <span class='ocr_line' id='line_1_9' title="bbox 196 881 1330 940; baseline 0 -13"><span class='ocrx_word' id='word_1_52' title='bbox 196 882 466 927; x_wconf 87' lang='lat' dir='ltr'>imitatorem.</span> <span class='ocrx_word' id='word_1_53' title='bbox 515 881 733 926; x_wconf 88' lang='lat' dir='ltr'>Invenitur</span> <span class='ocrx_word' id='word_1_54' title='bbox 763 895 919 940; x_wconf 83' lang='lat' dir='ltr'>corpus</span> <span class='ocrx_word' id='word_1_55' title='bbox 953 881 1095 926; x_wconf 86' lang='lat' dir='ltr'>delicti</span> <span class='ocrx_word' id='word_1_56' title='bbox 1129 897 1190 927; x_wconf 89' lang='lat' dir='ltr'>vs.</span> <span class='ocrx_word' id='word_1_57' title='bbox 1223 882 1330 927; x_wconf 66' lang='lat'>424:</span> 
     </span>
    </p>

    <p class='ocr_par' dir='ltr' id='par_1_4' title="bbox 194 953 1684 2670">
     <span class='ocr_line' id='line_1_10' title="bbox 460 953 1385 1010; baseline 0.003 -15"><span class='ocrx_word' id='word_1_58' title='bbox 460 956 531 996; x_wconf 83' lang='grc' dir='ltr'>καὶ</span> <span class='ocrx_word' id='word_1_59' title='bbox 557 955 721 1006; x_wconf 78' lang='grc' dir='ltr'><strong><em>γνῶναι</em></strong></span> <span class='ocrx_word' id='word_1_60' title='bbox 752 957 924 996; x_wconf 79' lang='grc' dir='ltr'><strong><em>πάντων</em></strong></span> <span class='ocrx_word' id='word_1_61' title='bbox 955 953 1068 996; x_wconf 81' lang='grc' dir='ltr'><em>τοῦτ’</em></span> <span class='ocrx_word' id='word_1_62' title='bbox 1094 955 1385 1010; x_wconf 70' lang='grc' dir='ltr'><strong><em>ἀνιηρότατον.</em></strong></span> 
     </span>
     <span class='ocr_line' id='line_1_11' title="bbox 195 1027 1680 1086; baseline 0 -14"><span class='ocrx_word' id='word_1_63' title='bbox 195 1027 314 1072; x_wconf 89' lang='lat' dir='ltr'>Alius</span> <span class='ocrx_word' id='word_1_64' title='bbox 361 1027 550 1073; x_wconf 88' lang='lat' dir='ltr'>imitator</span> <span class='ocrx_word' id='word_1_65' title='bbox 590 1041 641 1072; x_wconf 85' lang='lat' dir='ltr'>ex</span> <span class='ocrx_word' id='word_1_66' title='bbox 688 1027 838 1073; x_wconf 90' lang='lat' dir='ltr'>eodem</span> <span class='ocrx_word' id='word_1_67' title='bbox 884 1040 1010 1072; x_wconf 88' lang='lat' dir='ltr'>versu</span> <span class='ocrx_word' id='word_1_68' title='bbox 1056 1041 1144 1072; x_wconf 94' lang='lat' dir='ltr'>uno</span> <span class='ocrx_word' id='word_1_69' title='bbox 1172 1028 1302 1074; x_wconf 89' lang='lat' dir='ltr'>verbo</span> <span class='ocrx_word' id='word_1_70' title='bbox 1330 1029 1427 1086; x_wconf 83' lang='lat' dir='ltr'>plus</span> <span class='ocrx_word' id='word_1_71' title='bbox 1458 1027 1680 1086; x_wconf 89' lang='lat' dir='ltr'>usurpavit</span> 
     </span>
     <span class='ocr_line' id='line_1_12' title="bbox 194 1097 426 1145; baseline 0 -1"><span class='ocrx_word' id='word_1_72' title='bbox 194 1113 254 1144; x_wconf 87' lang='lat' dir='ltr'>vs.</span> <span class='ocrx_word' id='word_1_73' title='bbox 289 1097 426 1145; x_wconf 75' lang='lat'>1356:</span> 
     </span>
     <span class='ocr_line' id='line_1_13' title="bbox 1072 1171 1396 1226; baseline 0.009 -12"><span class='ocrx_word' id='word_1_74' title='bbox 1072 1176 1124 1226; x_wconf 77' lang='grc' dir='ltr'><strong><em>ἦν</em></strong></span> <span class='ocrx_word' id='word_1_75' title='bbox 1156 1172 1200 1214; x_wconf 80' lang='grc' dir='ltr'>δὲ</span> <span class='ocrx_word' id='word_1_76' title='bbox 1233 1171 1396 1217; x_wconf 81' lang='grc' dir='ltr'><em>διώκων</em></span> 
     </span>
     <span class='ocr_line' id='line_1_14' title="bbox 457 1243 1379 1301; baseline 0.001 -14"><span class='ocrx_word' id='word_1_77' title='bbox 457 1248 512 1298; x_wconf 83' lang='grc' dir='ltr'>μὴ</span> <span class='ocrx_word' id='word_1_78' title='bbox 543 1243 711 1301; x_wconf 76' lang='grc' dir='ltr'><strong><em>τελέσῃ,</em></strong></span> <span class='ocrx_word' id='word_1_79' title='bbox 741 1250 911 1287; x_wconf 76' lang='grc' dir='ltr'><strong><em>πάντων</em></strong></span> <span class='ocrx_word' id='word_1_80' title='bbox 942 1245 1054 1287; x_wconf 71' lang='grc' dir='ltr'><em>τοῦτ’</em></span> <span class='ocrx_word' id='word_1_81' title='bbox 1085 1245 1379 1301; x_wconf 72' lang='grc' dir='ltr'><strong><em>ἀνιηρότατον.</em></strong></span> 
     </span>
     <span class='ocr_line' id='line_1_15' title="bbox 202 1315 1684 1375; baseline 0.001 -15"><span class='ocrx_word' id='word_1_82' title='bbox 202 1315 355 1361; x_wconf 89' lang='lat' dir='ltr'>Fateor</span> <span class='ocrx_word' id='word_1_83' title='bbox 397 1317 570 1374; x_wconf 93' lang='lat' dir='ltr'>quidem</span> <span class='ocrx_word' id='word_1_84' title='bbox 613 1318 851 1375; x_wconf 83' lang='lat' dir='ltr'>periculum</span> <span class='ocrx_word' id='word_1_85' title='bbox 883 1331 975 1362; x_wconf 86' lang='lat' dir='ltr'>esse</span> <span class='ocrx_word' id='word_1_86' title='bbox 1007 1331 1061 1362; x_wconf 93' lang='lat' dir='ltr'>ne</span> <span class='ocrx_word' id='word_1_87' title='bbox 1092 1318 1188 1374; x_wconf 89' lang='lat' dir='ltr'>quis</span> <span class='ocrx_word' id='word_1_88' title='bbox 1220 1332 1289 1362; x_wconf 91' lang='lat' dir='ltr'>me</span> <span class='ocrx_word' id='word_1_89' title='bbox 1316 1318 1407 1363; x_wconf 81' lang='lat' dir='ltr'>falsi</span> <span class='ocrx_word' id='word_1_90' title='bbox 1437 1317 1583 1363; x_wconf 84' lang='lat' dir='ltr'>indicii</span> <span class='ocrx_word' id='word_1_91' title='bbox 1615 1332 1684 1362; x_wconf 87' lang='lat' dir='ltr'>ac-</span> 
     </span>
     <span class='ocr_line' id='line_1_16' title="bbox 201 1389 1683 1448; baseline 0.003 -16"><span class='ocrx_word' id='word_1_92' title='bbox 201 1395 348 1442; x_wconf 85' lang='lat' dir='ltr'>cuset,</span> <span class='ocrx_word' id='word_1_93' title='bbox 399 1403 582 1447; x_wconf 85' lang='lat' dir='ltr'>arguens</span> <span class='ocrx_word' id='word_1_94' title='bbox 628 1390 775 1434; x_wconf 90' lang='lat' dir='ltr'>eadem</span> <span class='ocrx_word' id='word_1_95' title='bbox 821 1390 947 1433; x_wconf 88' lang='lat' dir='ltr'>verba</span> <span class='ocrx_word' id='word_1_96' title='bbox 993 1390 1127 1448; x_wconf 86' lang='lat' dir='ltr'>repeti</span> <span class='ocrx_word' id='word_1_97' title='bbox 1158 1405 1217 1435; x_wconf 88' lang='lat' dir='ltr'>vs.</span> <span class='ocrx_word' id='word_1_98' title='bbox 1249 1390 1336 1436; x_wconf 67' lang='grc'><strong>210</strong></span> <span class='ocrx_word' id='word_1_99' title='bbox 1365 1397 1408 1435; x_wconf 92' lang='lat' dir='ltr'>et</span> <span class='ocrx_word' id='word_1_100' title='bbox 1433 1389 1538 1444; x_wconf 71' lang='lat'>812,</span> <span class='ocrx_word' id='word_1_101' title='bbox 1574 1404 1683 1448; x_wconf 89' lang='lat' dir='ltr'>quos</span> 
     </span>
     <span class='ocr_line' id='line_1_17' title="bbox 199 1460 1682 1520; baseline 0.002 -15"><span class='ocrx_word' id='word_1_102' title='bbox 199 1474 222 1505; x_wconf 88' lang='lat' dir='ltr'>a</span> <span class='ocrx_word' id='word_1_103' title='bbox 253 1460 500 1520; x_wconf 88' lang='lat' dir='ltr'>Theognide</span> <span class='ocrx_word' id='word_1_104' title='bbox 534 1475 622 1506; x_wconf 91' lang='lat' dir='ltr'>non</span> <span class='ocrx_word' id='word_1_105' title='bbox 653 1461 772 1506; x_wconf 87' lang='lat' dir='ltr'>facile</span> <span class='ocrx_word' id='word_1_106' title='bbox 807 1461 1032 1518; x_wconf 84' lang='lat' dir='ltr'>quisquam</span> <span class='ocrx_word' id='word_1_107' title='bbox 1064 1461 1305 1515; x_wconf 88' lang='lat' dir='ltr'>abiudicet‚</span> <span class='ocrx_word' id='word_1_108' title='bbox 1342 1462 1417 1507; x_wconf 89' lang='lat' dir='ltr'>sed</span> <span class='ocrx_word' id='word_1_109' title='bbox 1446 1469 1565 1507; x_wconf 90' lang='lat' dir='ltr'>metu</span> <span class='ocrx_word' id='word_1_110' title='bbox 1595 1476 1682 1508; x_wconf 89' lang='lat' dir='ltr'>non</span> 
     </span>
     <span class='ocr_line' id='line_1_18' title="bbox 198 1532 1683 1592; baseline 0.001 -14"><span class='ocrx_word' id='word_1_111' title='bbox 198 1533 455 1578; x_wconf 90' lang='lat' dir='ltr'>deterrebor.</span> <span class='ocrx_word' id='word_1_112' title='bbox 523 1532 706 1577; x_wconf 88' lang='lat' dir='ltr'>Simulac</span> <span class='ocrx_word' id='word_1_113' title='bbox 753 1532 995 1591; x_wconf 89' lang='lat' dir='ltr'>probaverit</span> <span class='ocrx_word' id='word_1_114' title='bbox 1040 1540 1263 1578; x_wconf 89' lang='lat' dir='ltr'>accusator</span> <span class='ocrx_word' id='word_1_115' title='bbox 1309 1541 1351 1579; x_wconf 90' lang='lat' dir='ltr'>et</span> <span class='ocrx_word' id='word_1_116' title='bbox 1391 1534 1683 1592; x_wconf 85' lang='lat' dir='ltr'>Theognidem</span> 
     </span>
     <span class='ocr_line' id='line_1_19' title="bbox 201 1604 1684 1664; baseline 0.001 -15"><span class='ocrx_word' id='word_1_117' title='bbox 201 1605 444 1663; x_wconf 86' lang='lat' dir='ltr'>allegoriam</span> <span class='ocrx_word' id='word_1_118' title='bbox 477 1605 528 1650; x_wconf 90' lang='lat' dir='ltr'>de</span> <span class='ocrx_word' id='word_1_119' title='bbox 561 1618 643 1662; x_wconf 86' lang='lat' dir='ltr'>qua</span> <span class='ocrx_word' id='word_1_120' title='bbox 675 1604 814 1663; x_wconf 81' lang='lat' dir='ltr'>agitur</span> <span class='ocrx_word' id='word_1_121' title='bbox 844 1604 1017 1657; x_wconf 86' lang='lat' dir='ltr'>fecisse,</span> <span class='ocrx_word' id='word_1_122' title='bbox 1050 1612 1092 1649; x_wconf 90' lang='lat' dir='ltr'>et</span> <span class='ocrx_word' id='word_1_123' title='bbox 1121 1606 1234 1663; x_wconf 89' lang='lat' dir='ltr'>apud</span> <span class='ocrx_word' id='word_1_124' title='bbox 1265 1605 1448 1652; x_wconf 88' lang='lat' dir='ltr'>Graecos</span> <span class='ocrx_word' id='word_1_125' title='bbox 1463 1620 1684 1664; x_wconf 85' lang='lat' dir='ltr'>nunquam</span> 
     </span>
     <span class='ocr_line' id='line_1_20' title="bbox 198 1676 1683 1735; baseline 0.001 -13"><span class='ocrx_word' id='word_1_126' title='bbox 198 1676 403 1722; x_wconf 88' lang='lat' dir='ltr'>accidisse</span> <span class='ocrx_word' id='word_1_127' title='bbox 450 1684 499 1721; x_wconf 92' lang='lat' dir='ltr'>ut</span> <span class='ocrx_word' id='word_1_128' title='bbox 544 1676 755 1735; x_wconf 90' lang='lat' dir='ltr'>posterior</span> <span class='ocrx_word' id='word_1_129' title='bbox 795 1683 920 1734; x_wconf 81' lang='lat' dir='ltr'>poeta</span> <span class='ocrx_word' id='word_1_130' title='bbox 951 1676 1183 1734; x_wconf 86' lang='lat' dir='ltr'>superioris</span> <span class='ocrx_word' id='word_1_131' title='bbox 1215 1678 1342 1722; x_wconf 85' lang='lat' dir='ltr'>verba</span> <span class='ocrx_word' id='word_1_132' title='bbox 1375 1678 1580 1724; x_wconf 90' lang='lat' dir='ltr'>imitando</span> <span class='ocrx_word' id='word_1_133' title='bbox 1611 1693 1683 1724; x_wconf 88' lang='lat' dir='ltr'>ex-</span> 
     </span>
     <span class='ocr_line' id='line_1_21' title="bbox 198 1747 1683 1808; baseline 0 -15"><span class='ocrx_word' id='word_1_134' title='bbox 198 1749 427 1807; x_wconf 87' lang='lat' dir='ltr'>primeret,</span> <span class='ocrx_word' id='word_1_135' title='bbox 474 1763 626 1794; x_wconf 90' lang='lat' dir='ltr'>manus</span> <span class='ocrx_word' id='word_1_136' title='bbox 669 1749 790 1793; x_wconf 86' lang='lat' dir='ltr'>dabo.</span> <span class='ocrx_word' id='word_1_137' title='bbox 838 1747 1090 1804; x_wconf 88' lang='lat' dir='ltr'>Priusquam</span> <span class='ocrx_word' id='word_1_138' title='bbox 1120 1762 1188 1793; x_wconf 86' lang='lat' dir='ltr'>res</span> <span class='ocrx_word' id='word_1_139' title='bbox 1219 1763 1270 1794; x_wconf 92' lang='lat' dir='ltr'>eo</span> <span class='ocrx_word' id='word_1_140' title='bbox 1306 1750 1544 1808; x_wconf 85' lang='lat' dir='ltr'>perveniat,</span> <span class='ocrx_word' id='word_1_141' title='bbox 1576 1749 1683 1795; x_wconf 92' lang='lat' dir='ltr'>nolit</span> 
     </span>
     <span class='ocr_line' id='line_1_22' title="bbox 202 1820 1684 1878; baseline 0.001 -12"><span class='ocrx_word' id='word_1_142' title='bbox 202 1828 425 1866; x_wconf 86' lang='lat' dir='ltr'>accusator</span> <span class='ocrx_word' id='word_1_143' title='bbox 466 1828 739 1866; x_wconf 85' lang='lat' dir='ltr'>contemnere</span> <span class='ocrx_word' id='word_1_144' title='bbox 778 1834 886 1878; x_wconf 91' lang='lat' dir='ltr'>quae</span> <span class='ocrx_word' id='word_1_145' title='bbox 928 1820 1120 1866; x_wconf 87' lang='lat' dir='ltr'>dicturus</span> <span class='ocrx_word' id='word_1_146' title='bbox 1162 1835 1269 1866; x_wconf 90' lang='lat' dir='ltr'>sum.</span> <span class='ocrx_word' id='word_1_147' title='bbox 1322 1822 1398 1867; x_wconf 88' lang='lat' dir='ltr'>Est</span> <span class='ocrx_word' id='word_1_148' title='bbox 1430 1822 1544 1867; x_wconf 88' lang='lat' dir='ltr'>enim</span> <span class='ocrx_word' id='word_1_149' title='bbox 1573 1821 1684 1867; x_wconf 89' lang='lat' dir='ltr'>The-</span> 
     </span>
     <span class='ocr_line' id='line_1_23' title="bbox 199 1892 1679 1952; baseline 0 -15"><span class='ocrx_word' id='word_1_150' title='bbox 199 1893 404 1951; x_wconf 87' lang='lat' dir='ltr'>ognideae</span> <span class='ocrx_word' id='word_1_151' title='bbox 450 1893 670 1952; x_wconf 87' lang='lat' dir='ltr'>farraginis</span> <span class='ocrx_word' id='word_1_152' title='bbox 713 1893 934 1951; x_wconf 85' lang='lat' dir='ltr'>proprium</span> <span class='ocrx_word' id='word_1_153' title='bbox 977 1899 1025 1936; x_wconf 89' lang='lat' dir='ltr'>ut</span> <span class='ocrx_word' id='word_1_154' title='bbox 1056 1892 1099 1936; x_wconf 92' lang='lat' dir='ltr'>in</span> <span class='ocrx_word' id='word_1_155' title='bbox 1129 1907 1177 1937; x_wconf 86' lang='lat' dir='ltr'>ea</span> <span class='ocrx_word' id='word_1_156' title='bbox 1207 1894 1407 1951; x_wconf 88' lang='lat' dir='ltr'>permulti</span> <span class='ocrx_word' id='word_1_157' title='bbox 1441 1909 1590 1939; x_wconf 89' lang='lat' dir='ltr'>versus</span> <span class='ocrx_word' id='word_1_158' title='bbox 1620 1894 1679 1938; x_wconf 92' lang='lat' dir='ltr'>le-</span> 
     </span>
     <span class='ocr_line' id='line_1_24' title="bbox 197 1964 1682 2023; baseline 0.001 -13"><span class='ocrx_word' id='word_1_159' title='bbox 197 1972 376 2023; x_wconf 83' lang='lat' dir='ltr'>gantur,</span> <span class='ocrx_word' id='word_1_160' title='bbox 411 1965 484 2022; x_wconf 87' lang='lat' dir='ltr'>qui</span> <span class='ocrx_word' id='word_1_161' title='bbox 518 1965 598 2010; x_wconf 87' lang='lat' dir='ltr'>toti</span> <span class='ocrx_word' id='word_1_162' title='bbox 628 1971 701 2010; x_wconf 92' lang='lat' dir='ltr'>aut</span> <span class='ocrx_word' id='word_1_163' title='bbox 733 1964 914 2023; x_wconf 84' lang='lat' dir='ltr'>partim,</span> <span class='ocrx_word' id='word_1_164' title='bbox 947 1978 1124 2022; x_wconf 89' lang='lat' dir='ltr'>prorsus</span> <span class='ocrx_word' id='word_1_165' title='bbox 1156 1964 1307 2009; x_wconf 89' lang='lat' dir='ltr'>iisdem</span> <span class='ocrx_word' id='word_1_166' title='bbox 1338 1973 1411 2010; x_wconf 88' lang='lat' dir='ltr'>aut</span> <span class='ocrx_word' id='word_1_167' title='bbox 1442 1967 1528 2011; x_wconf 87' lang='lat' dir='ltr'>fere</span> <span class='ocrx_word' id='word_1_168' title='bbox 1565 1965 1682 2011; x_wconf 90' lang='lat' dir='ltr'>simi-</span> 
     </span>
     <span class='ocr_line' id='line_1_25' title="bbox 197 2036 1679 2094; baseline 0.002 -13"><span class='ocrx_word' id='word_1_169' title='bbox 197 2036 308 2081; x_wconf 90' lang='lat' dir='ltr'>libus</span> <span class='ocrx_word' id='word_1_170' title='bbox 344 2037 511 2090; x_wconf 88' lang='lat' dir='ltr'>verbis,</span> <span class='ocrx_word' id='word_1_171' title='bbox 541 2037 607 2082; x_wconf 89' lang='lat' dir='ltr'>bis</span> <span class='ocrx_word' id='word_1_172' title='bbox 637 2037 702 2081; x_wconf 92' lang='lat' dir='ltr'>vel</span> <span class='ocrx_word' id='word_1_173' title='bbox 734 2036 902 2094; x_wconf 90' lang='lat' dir='ltr'>saepius</span> <span class='ocrx_word' id='word_1_174' title='bbox 933 2043 1199 2094; x_wconf 82' lang='lat' dir='ltr'>repetuntur.</span> <span class='ocrx_word' id='word_1_175' title='bbox 1234 2037 1598 2083; x_wconf 87' lang='lat' dir='ltr'>Verisimillimum</span> <span class='ocrx_word' id='word_1_176' title='bbox 1613 2046 1679 2084; x_wconf 89' lang='lat' dir='ltr'>est</span> 
     </span>
     <span class='ocr_line' id='line_1_26' title="bbox 195 2107 1680 2168; baseline 0.001 -15"><span class='ocrx_word' id='word_1_177' title='bbox 195 2109 305 2153; x_wconf 90' lang='lat' dir='ltr'>hanc</span> <span class='ocrx_word' id='word_1_178' title='bbox 336 2109 529 2154; x_wconf 88' lang='lat' dir='ltr'>crebram</span> <span class='ocrx_word' id='word_1_179' title='bbox 557 2107 856 2166; x_wconf 87' lang='lat' dir='ltr'>repetitionem</span> <span class='ocrx_word' id='word_1_180' title='bbox 887 2107 1042 2165; x_wconf 87' lang='lat' dir='ltr'>partim</span> <span class='ocrx_word' id='word_1_181' title='bbox 1069 2107 1166 2152; x_wconf 89' lang='lat' dir='ltr'>inde</span> <span class='ocrx_word' id='word_1_182' title='bbox 1200 2115 1338 2153; x_wconf 89' lang='lat' dir='ltr'>ortam</span> <span class='ocrx_word' id='word_1_183' title='bbox 1355 2124 1476 2163; x_wconf 87' lang='lat' dir='ltr'>esse,</span> <span class='ocrx_word' id='word_1_184' title='bbox 1506 2111 1622 2168; x_wconf 91' lang='lat' dir='ltr'>quod</span> <span class='ocrx_word' id='word_1_185' title='bbox 1636 2116 1680 2155; x_wconf 90' lang='lat' dir='ltr'>et</span> 
     </span>
     <span class='ocr_line' id='line_1_27' title="bbox 199 2179 1680 2241; baseline 0.001 -17"><span class='ocrx_word' id='word_1_186' title='bbox 199 2181 414 2239; x_wconf 85' lang='lat' dir='ltr'>Theognis</span> <span class='ocrx_word' id='word_1_187' title='bbox 445 2188 488 2226; x_wconf 90' lang='lat' dir='ltr'>et</span> <span class='ocrx_word' id='word_1_188' title='bbox 521 2180 766 2237; x_wconf 89' lang='lat' dir='ltr'>quicunque</span> <span class='ocrx_word' id='word_1_189' title='bbox 797 2179 867 2223; x_wconf 91' lang='lat' dir='ltr'>alii</span> <span class='ocrx_word' id='word_1_190' title='bbox 896 2186 1046 2237; x_wconf 92' lang='lat' dir='ltr'>poetae</span> <span class='ocrx_word' id='word_1_191' title='bbox 1078 2193 1128 2223; x_wconf 86' lang='lat' dir='ltr'>ex</span> <span class='ocrx_word' id='word_1_192' title='bbox 1162 2179 1371 2238; x_wconf 88' lang='lat' dir='ltr'>indigesta</span> <span class='ocrx_word' id='word_1_193' title='bbox 1387 2182 1499 2226; x_wconf 92' lang='lat' dir='ltr'>mole</span> <span class='ocrx_word' id='word_1_194' title='bbox 1514 2189 1680 2241; x_wconf 89' lang='lat' dir='ltr'>protra-</span> 
     </span>
     <span class='ocr_line' id='line_1_28' title="bbox 198 2251 1680 2311; baseline 0.002 -15"><span class='ocrx_word' id='word_1_195' title='bbox 198 2253 383 2307; x_wconf 88' lang='lat' dir='ltr'>huntur,</span> <span class='ocrx_word' id='word_1_196' title='bbox 417 2267 564 2298; x_wconf 89' lang='lat' dir='ltr'>vocem</span> <span class='ocrx_word' id='word_1_197' title='bbox 598 2253 663 2297; x_wconf 90' lang='lat' dir='ltr'>vel</span> <span class='ocrx_word' id='word_1_198' title='bbox 694 2251 947 2296; x_wconf 85' lang='lat' dir='ltr'>sententiam</span> <span class='ocrx_word' id='word_1_199' title='bbox 977 2251 1199 2307; x_wconf 85' lang='lat' dir='ltr'>aliquama</span> <span class='ocrx_word' id='word_1_200' title='bbox 1217 2267 1262 2296; x_wconf 89' lang='lat' dir='ltr'>se</span> <span class='ocrx_word' id='word_1_201' title='bbox 1277 2253 1558 2311; x_wconf 84' lang='lat' dir='ltr'>excogitatam</span> <span class='ocrx_word' id='word_1_202' title='bbox 1574 2255 1680 2299; x_wconf 91' lang='lat' dir='ltr'>adeo</span> 
     </span>
     <span class='ocr_line' id='line_1_29' title="bbox 196 2322 1678 2385; baseline 0.001 -16"><span class='ocrx_word' id='word_1_203' title='bbox 196 2325 456 2378; x_wconf 86' lang='lat' dir='ltr'>adamarint,</span> <span class='ocrx_word' id='word_1_204' title='bbox 490 2331 540 2369; x_wconf 94' lang='lat' dir='ltr'>ut</span> <span class='ocrx_word' id='word_1_205' title='bbox 570 2323 801 2369; x_wconf 88' lang='lat' dir='ltr'>identidem</span> <span class='ocrx_word' id='word_1_206' title='bbox 832 2329 1067 2367; x_wconf 84' lang='lat' dir='ltr'>uterentur.</span> <span class='ocrx_word' id='word_1_207' title='bbox 1110 2322 1191 2367; x_wconf 91' lang='lat' dir='ltr'>Sed</span> <span class='ocrx_word' id='word_1_208' title='bbox 1221 2332 1551 2383; x_wconf 89' lang='lat' dir='ltr'>quantacunque</span> <span class='ocrx_word' id='word_1_209' title='bbox 1579 2340 1678 2385; x_wconf 86' lang='lat' dir='ltr'>pars</span> 
     </span>
     <span class='ocr_line' id='line_1_30' title="bbox 194 2395 1673 2456; baseline 0 -14"><span class='ocrx_word' id='word_1_210' title='bbox 194 2397 475 2456; x_wconf 90' lang='lat' dir='ltr'>repetitorum</span> <span class='ocrx_word' id='word_1_211' title='bbox 524 2397 751 2442; x_wconf 90' lang='lat' dir='ltr'>verborum</span> <span class='ocrx_word' id='word_1_212' title='bbox 803 2409 851 2439; x_wconf 88' lang='lat' dir='ltr'>ac</span> <span class='ocrx_word' id='word_1_213' title='bbox 901 2409 1103 2439; x_wconf 87' lang='lat' dir='ltr'>versuum</span> <span class='ocrx_word' id='word_1_214' title='bbox 1151 2395 1252 2440; x_wconf 91' lang='lat' dir='ltr'>hinc</span> <span class='ocrx_word' id='word_1_215' title='bbox 1283 2397 1492 2456; x_wconf 88' lang='lat' dir='ltr'>originem</span> <span class='ocrx_word' id='word_1_216' title='bbox 1525 2398 1673 2452; x_wconf 86' lang='lat' dir='ltr'>duxit,</span> 
     </span>
     <span class='ocr_line' id='line_1_31' title="bbox 197 2467 1676 2524; baseline 0.001 -11"><span class='ocrx_word' id='word_1_217' title='bbox 197 2469 324 2514; x_wconf 86' lang='lat' dir='ltr'>etiam</span> <span class='ocrx_word' id='word_1_218' title='bbox 372 2477 458 2515; x_wconf 89' lang='lat' dir='ltr'>tres</span> <span class='ocrx_word' id='word_1_219' title='bbox 490 2469 594 2514; x_wconf 88' lang='lat' dir='ltr'>aliae</span> <span class='ocrx_word' id='word_1_220' title='bbox 626 2482 778 2514; x_wconf 89' lang='lat' dir='ltr'>causae</span> <span class='ocrx_word' id='word_1_221' title='bbox 811 2467 1046 2520; x_wconf 87' lang='lat' dir='ltr'>accedunt,</span> <span class='ocrx_word' id='word_1_222' title='bbox 1082 2480 1187 2524; x_wconf 87' lang='lat' dir='ltr'>quas</span> <span class='ocrx_word' id='word_1_223' title='bbox 1222 2468 1306 2513; x_wconf 93' lang='lat' dir='ltr'>iam</span> <span class='ocrx_word' id='word_1_224' title='bbox 1340 2469 1463 2515; x_wconf 90' lang='lat' dir='ltr'>initio</span> <span class='ocrx_word' id='word_1_225' title='bbox 1495 2470 1676 2515; x_wconf 85' lang='lat' dir='ltr'>strictim</span> 
     </span>
     <span class='ocr_line' id='line_1_32' title="bbox 195 2539 1676 2600; baseline -0.001 -13"><span class='ocrx_word' id='word_1_226' title='bbox 195 2541 328 2600; x_wconf 88' lang='lat' dir='ltr'>attigi.</span> <span class='ocrx_word' id='word_1_227' title='bbox 361 2542 453 2587; x_wconf 89' lang='lat' dir='ltr'>Una</span> <span class='ocrx_word' id='word_1_228' title='bbox 485 2548 576 2595; x_wconf 89' lang='lat' dir='ltr'>est,</span> <span class='ocrx_word' id='word_1_229' title='bbox 609 2541 725 2598; x_wconf 91' lang='lat' dir='ltr'>quod</span> <span class='ocrx_word' id='word_1_230' title='bbox 756 2540 952 2596; x_wconf 85' lang='lat' dir='ltr'>aequales</span> <span class='ocrx_word' id='word_1_231' title='bbox 980 2546 1053 2583; x_wconf 85' lang='lat' dir='ltr'>aut</span> <span class='ocrx_word' id='word_1_232' title='bbox 1079 2539 1337 2598; x_wconf 83' lang='lat' dir='ltr'>posteriores</span> <span class='ocrx_word' id='word_1_233' title='bbox 1368 2549 1518 2600; x_wconf 92' lang='lat' dir='ltr'>poetae</span> <span class='ocrx_word' id='word_1_234' title='bbox 1548 2542 1676 2587; x_wconf 89' lang='lat' dir='ltr'>verba</span> 
     </span>
     <span class='ocr_line' id='line_1_33' title="bbox 198 2611 1673 2670; baseline 0 -11"><span class='ocrx_word' id='word_1_235' title='bbox 198 2614 354 2670; x_wconf 90' lang='lat' dir='ltr'>quibus</span> <span class='ocrx_word' id='word_1_236' title='bbox 384 2621 659 2659; x_wconf 88' lang='lat' dir='ltr'>moverentur</span> <span class='ocrx_word' id='word_1_237' title='bbox 687 2613 804 2657; x_wconf 93' lang='lat' dir='ltr'>nullo</span> <span class='ocrx_word' id='word_1_238' title='bbox 835 2611 1012 2657; x_wconf 88' lang='lat' dir='ltr'>consilio</span> <span class='ocrx_word' id='word_1_239' title='bbox 1044 2611 1193 2656; x_wconf 86' lang='lat' dir='ltr'>imitati</span> <span class='ocrx_word' id='word_1_240' title='bbox 1225 2620 1348 2667; x_wconf 88' lang='lat' dir='ltr'>sunt;</span> <span class='ocrx_word' id='word_1_241' title='bbox 1383 2614 1673 2670; x_wconf 87' lang='lat' dir='ltr'>altera‚qu0d</span> 
     </span>
    </p>
   </div>
   <div class='ocr_carea' id='block_1_3' title="bbox 192 2766 1678 3041">
    <p class='ocr_par' dir='ltr' id='par_1_5' title="bbox 192 2766 1678 3041">
     <span class='ocr_line' id='line_1_34' title="bbox 192 2766 1678 2810; baseline 0 -10"><span class='ocrx_word' id='word_1_242' title='bbox 192 2767 345 2810; x_wconf 76' lang='grc' dir='ltr'><strong><em>θρώπων</em></strong></span> <span class='ocrx_word' id='word_1_243' title='bbox 358 2791 366 2804; x_wconf 90' lang='grc'>.</span> <span class='ocrx_word' id='word_1_244' title='bbox 377 2770 500 2800; x_wconf 79' lang='grc' dir='ltr'><strong>ταῦτα</strong></span> <span class='ocrx_word' id='word_1_245' title='bbox 517 2766 559 2799; x_wconf 80' lang='grc' dir='ltr'>δὲ</span> <span class='ocrx_word' id='word_1_246' title='bbox 582 2767 744 2809; x_wconf 72' lang='grc' dir='ltr'><strong><em>λέγοντες</em></strong></span> <span class='ocrx_word' id='word_1_247' title='bbox 768 2767 958 2809; x_wconf 67' lang='grc' dir='ltr'><strong><em>αἱροῦνται</em></strong></span> <span class='ocrx_word' id='word_1_248' title='bbox 972 2766 1244 2807; x_wconf 71' lang='grc' dir='ltr'>συνδιατρίβειν</span> <span class='ocrx_word' id='word_1_249' title='bbox 1267 2770 1347 2803; x_wconf 76' lang='grc' dir='ltr'><strong><em>’ταῖς</em></strong></span> <span class='ocrx_word' id='word_1_250' title='bbox 1361 2766 1526 2810; x_wconf 75' lang='grc' dir='ltr'><strong><em>ἀλλήλων</em></strong></span> <span class='ocrx_word' id='word_1_251' title='bbox 1543 2767 1678 2807; x_wconf 74' lang='grc' dir='ltr'><strong><em>ἀνοίαις</em></strong></span> 
     </span>
     <span class='ocr_line' id='line_1_35' title="bbox 193 2823 1675 2869; baseline 0 -12"><span class='ocrx_word' id='word_1_252' title='bbox 193 2825 328 2865; x_wconf 79' lang='grc' dir='ltr'><strong><em>μᾶλλον</em></strong></span> <span class='ocrx_word' id='word_1_253' title='bbox 350 2827 373 2869; x_wconf 73' lang='grc' dir='ltr'><strong><em>ἢ</em></strong></span> <span class='ocrx_word' id='word_1_254' title='bbox 402 2831 484 2863; x_wconf 80' lang='grc' dir='ltr'><strong><em>ταῖς</em></strong></span> <span class='ocrx_word' id='word_1_255' title='bbox 506 2825 645 2858; x_wconf 76' lang='grc' dir='ltr'><strong><em>ἐκείνων</em></strong></span> <span class='ocrx_word' id='word_1_256' title='bbox 669 2825 888 2868; x_wconf 75' lang='grc' dir='ltr'><strong><em>ὑποθήκαις.</em></strong></span> <span class='ocrx_word' id='word_1_257' title='bbox 921 2823 1007 2855; x_wconf 72' lang='grc' dir='ltr'>Ἔτι</span> <span class='ocrx_word' id='word_1_258' title='bbox 1032 2823 1067 2855; x_wconf 82' lang='grc' dir='ltr'>δ’</span> <span class='ocrx_word' id='word_1_259' title='bbox 1099 2823 1132 2855; x_wconf 69' lang='grc' dir='ltr'>εἴ</span> <span class='ocrx_word' id='word_1_260' title='bbox 1157 2836 1208 2861; x_wconf 74' lang='grc' dir='ltr'>τις</span> <span class='ocrx_word' id='word_1_261' title='bbox 1230 2823 1381 2860; x_wconf 72' lang='grc' dir='ltr'>ἑκλέξειε</span> <span class='ocrx_word' id='word_1_262' title='bbox 1410 2825 1477 2856; x_wconf 79' lang='grc' dir='ltr'><strong><em>τῶν</em></strong></span> <span class='ocrx_word' id='word_1_263' title='bbox 1501 2826 1675 2868; x_wconf 56' lang='lat' dir='ltr'>novenbr-</span> 
     </span>
     <span class='ocr_line' id='line_1_36' title="bbox 192 2876 1674 2925; baseline 0.001 -10"><span class='ocrx_word' id='word_1_264' title='bbox 192 2895 265 2916; x_wconf 86' lang='grc' dir='ltr'><strong><em>των</em></strong></span> <span class='ocrx_word' id='word_1_265' title='bbox 292 2883 444 2925; x_wconf 76' lang='grc' dir='ltr'><strong><em>ποιητῶν</em></strong></span> <span class='ocrx_word' id='word_1_266' title='bbox 466 2885 530 2921; x_wconf 83' lang='grc' dir='ltr'>τὰς</span> <span class='ocrx_word' id='word_1_267' title='bbox 555 2883 773 2923; x_wconf 72' lang='grc' dir='ltr'><strong><em>καλουμένας</em></strong></span> <span class='ocrx_word' id='word_1_268' title='bbox 796 2883 952 2925; x_wconf 73' lang='grc' dir='ltr'><strong><em>γνώμας,</em></strong></span> <span class='ocrx_word' id='word_1_269' title='bbox 970 2880 1023 2920; x_wconf 77' lang='grc' dir='ltr'>ἐφ’</span> <span class='ocrx_word' id='word_1_270' title='bbox 1041 2876 1097 2918; x_wconf 83' lang='grc' dir='ltr'>αἶς</span> <span class='ocrx_word' id='word_1_271' title='bbox 1114 2882 1240 2914; x_wconf 74' lang='grc' dir='ltr'><strong><em>ἐκεῖνοι</em></strong></span> <span class='ocrx_word' id='word_1_272' title='bbox 1254 2881 1400 2920; x_wconf 75' lang='grc' dir='ltr'><strong><em>μάλιστ’</em></strong></span> <span class='ocrx_word' id='word_1_273' title='bbox 1420 2882 1650 2917; x_wconf 72' lang='grc' dir='ltr'><strong><em>ἐσπούδασαν</em></strong></span> <span class='ocrx_word' id='word_1_274' title='bbox 1663 2909 1674 2925; x_wconf 87' lang='grc'><strong>,</strong></span> 
     </span>
     <span class='ocr_line' id='line_1_37' title="bbox 192 2937 1673 2984; baseline -0.001 -12"><span class='ocrx_word' id='word_1_275' title='bbox 192 2941 319 2981; x_wconf 74' lang='grc' dir='ltr'><strong><em>ὁμοίως</em></strong></span> <span class='ocrx_word' id='word_1_276' title='bbox 355 2940 399 2973; x_wconf 79' lang='grc' dir='ltr'><strong><em>ἂν</em></strong></span> <span class='ocrx_word' id='word_1_277' title='bbox 435 2941 498 2973; x_wconf 76' lang='grc' dir='ltr'>καὶ</span> <span class='ocrx_word' id='word_1_278' title='bbox 519 2942 608 2984; x_wconf 71' lang='grc' dir='ltr'><strong><em>πρὸς</em></strong></span> <span class='ocrx_word' id='word_1_279' title='bbox 629 2940 768 2978; x_wconf 77' lang='grc' dir='ltr'><strong>ταύτας</strong></span> <span class='ocrx_word' id='word_1_280' title='bbox 792 2940 974 2972; x_wconf 74' lang='grc' dir='ltr'><strong><em>διαθεῖεν·</em></strong></span> <span class='ocrx_word' id='word_1_281' title='bbox 996 2939 1099 2982; x_wconf 71' lang='grc' dir='ltr'><strong><em>ἥδιον</em></strong></span> <span class='ocrx_word' id='word_1_282' title='bbox 1125 2940 1194 2981; x_wconf 75' lang='grc' dir='ltr'>γὰρ</span> <span class='ocrx_word' id='word_1_283' title='bbox 1220 2938 1264 2970; x_wconf 83' lang='grc' dir='ltr'><strong><em>ἂν</em></strong></span> <span class='ocrx_word' id='word_1_284' title='bbox 1290 2937 1478 2981; x_wconf 71' lang='grc' dir='ltr'>κωμῳδίας</span> <span class='ocrx_word' id='word_1_285' title='bbox 1499 2944 1563 2983; x_wconf 81' lang='grc' dir='ltr'>τῆς</span> <span class='ocrx_word' id='word_1_286' title='bbox 1587 2954 1673 2982; x_wconf 80' lang='grc' dir='ltr'><strong><em>φαυ-</em></strong></span> 
     </span>
     <span class='ocr_line' id='line_1_38' title="bbox 192 2995 1283 3041; baseline -0.002 -11"><span class='ocrx_word' id='word_1_287' title='bbox 192 2999 346 3041; x_wconf 80' lang='grc' dir='ltr'><strong><em>λοτάτης</em></strong></span> <span class='ocrx_word' id='word_1_288' title='bbox 366 3000 389 3041; x_wconf 78' lang='grc' dir='ltr'><strong><em>ἢ</em></strong></span> <span class='ocrx_word' id='word_1_289' title='bbox 419 2999 490 3030; x_wconf 81' lang='grc' dir='ltr'><strong><em>τῶν</em></strong></span> <span class='ocrx_word' id='word_1_290' title='bbox 512 2999 604 3031; x_wconf 78' lang='grc' dir='ltr'><strong>οὕτω</strong></span> <span class='ocrx_word' id='word_1_291' title='bbox 626 2998 790 3040; x_wconf 74' lang='grc' dir='ltr'><strong><em>τεχνικῶς</em></strong></span> <span class='ocrx_word' id='word_1_292' title='bbox 813 2997 1062 3039; x_wconf 68' lang='grc' dir='ltr'><strong><em>πεποιημένων</em></strong></span> <span class='ocrx_word' id='word_1_293' title='bbox 1083 2995 1283 3030; x_wconf 68' lang='grc' dir='ltr'><strong><em>ἀκούσαιεν.</em></strong></span> 
     </span>
    </p>
   </div>
  </div>
 </body>
</html>
