1898 3386
986 285 1042 331 3¹6

435 466 441 474 ἱ
481 417 654 471 δεσμοῦ,
687 419 741 470 μή
772 431 873 459 ποτε
905 418 977 458 καὶ
1009 417 1056 458 σύ
1087 418 1272 473 βιήσεαι,
1306 417 1447 473 ὄβριμε
1478 415 1644 459 παίδων
1665 450 1674 466 ,

537 491 836 545 Κυπρογενοῦς
866 487 902 530 δ’
939 488 1069 544 ἔργων
1100 488 1311 538 ἀντιάσεις
1344 486 1538 545 χαλεπῶν
1556 521 1566 540 ,

483 562 618 617 ὥσπερ
649 561 730 614 ἐγὼ
762 563 838 605 νῦν
870 553 945 604 ὧδ’
981 563 1049 604 ἐπὶ
1080 563 1160 604 σοί·
1186 563 1233 604 σύ
1267 561 1470 604 δὲταῦτα
1493 560 1704 616 φύλαξαι,

537 633 641 689 μηδέ
672 649 714 676 σε
745 638 891 690 νικήσῃ
924 633 1042 676 παῖδ’
1074 633 1183 687 οἷδαῆ
1208 633 1245 692 ¹)
1278 636 1472 688 κακότης.
1785 688 1788 690 v

275 706 482 753 Omnibus
531 720 639 764 quae
673 706 759 751 dixi
792 706 1014 765 perpensis
1048 720 1136 752 non
1167 706 1316 752 dubito
1346 705 1605 752 contendere
1621 742 1632 760 ,
1663 719 1764 752 eum

276 780 350 837 qui
393 778 564 839 longius
612 792 785 825 carmen
823 778 923 824 fecit
949 779 1121 824 brevius
1153 785 1251 824 ante
1283 778 1431 823 oculos
1463 777 1664 824 habuisse
1682 814 1692 832 ‚
1723 785 1767 825 et

279 852 458 899 suadere
488 858 537 896 ut
565 865 629 897 vs.
664 850 777 896 1177
808 865 887 910 pro
919 851 1092 905 ἀπαθὴς
1124 851 1335 896 scribatur
1362 850 1509 905 ἀδαής.

452 923 600 970 Navita
632 923 684 969 de
715 923 880 978 ventis,
915 923 966 969 de
998 923 1131 969 tauris
1162 930 1308 969 narrat
1338 931 1492 969 arator.

277 995 346 1042 Sic
384 1003 597 1043 mercator
627 995 967 1043 exhortationem
998 1010 1021 1041 a
1051 995 1298 1055 Theognide
1330 1011 1390 1042 vs.
1423 992 1595 1041 31—38
1625 993 1764 1054 Cyrno

277 1069 419 1115 datam
437 1106 448 1124 ,
480 1076 529 1114 ut
559 1070 604 1114 in
635 1068 853 1128 republica
883 1069 1097 1113 bonorum
1114 1068 1290 1114 consilia
1307 1075 1510 1127 sequatur
1525 1104 1535 1122 ,
1553 1066 1763 1114 malorum

275 1141 429 1195 evitet,
462 1141 507 1186 in
540 1148 825 1187 mercaturam
857 1140 1083 1185 transfert:

303 1214 459 1274 (1165)
493 1218 592 1264 Τοῖς
608 1214 790 1267 ἀγαθοῖς
821 1215 1039 1267 σιίμμισγε,
1075 1217 1238 1255 κακοῖσι
1271 1213 1315 1255 δὲ
1347 1218 1400 1269 μή
1435 1212 1538 1255 ποθ’
1563 1214 1757 1269 ὁμάρτει,

542 1282 622 1330 εὖτ’
656 1290 710 1330 ἂν
743 1286 840 1329 ὀδοῦ
873 1284 1014 1342 τελέῃς
1045 1284 1213 1340 τέρματ’
1246 1286 1309 1327 ἐπ’
1343 1286 1562 1341 ἐμπορίην.

272 1359 501 1406 Versamur
560 1360 716 1405 iterum
766 1359 811 1403 in
853 1357 994 1417 priore
1038 1364 1181 1416 parte,
1229 1358 1344 1403 unde
1388 1357 1611 1403 exordium
1657 1356 1759 1403 feci-

272 1447 382 1478 mus.
443 1433 504 1478 Ne
549 1433 654 1477 haec
704 1431 878 1490 quidem
923 1437 1042 1475 vacat
1091 1429 1277 1488 parodiis
1326 1430 1482 1490 quibus
1527 1442 1761 1489 puerorum

273 1519 393 1551 amor
425 1503 644 1551 ¹subiectus
677 1511 756 1550 est.
805 1503 911 1549 Nam
943 1502 1059 1561 quod
1091 1501 1304 1561 Theognis
1336 1502 1541 1562 gloriatur
1560 1517 1595 1559 :—

332 1577 458 1636 (415)
492 1575 643 1619 Οὐδέν’
673 1578 814 1631 ὁμοῖον
849 1577 936 1630 ἐμοὶ
970 1574 1153 1629 δύναμαι
1186 1574 1401 1630 διζήμενος
1434 1575 1564 1630 εὑρεῖν

533 1650 682 1692 πιστόν
714 1651 880 1704 ἑταῖρον
899 1682 909 1700 ,
940 1649 1023 1702 ὅτῳ
1052 1651 1106 1701 μή
1138 1665 1200 1696 τις
1234 1647 1369 1690 ἔνεστι
1402 1647 1538 1697 δόλος·

476 1724 516 1772 ἐς
546 1725 733 1779 βάσανον
766 1720 805 1763 δ’
840 1719 982 1763 ἐλθὼν
1015 1721 1329 1777 παρατρίβομαι
1360 1721 1462 1763 ὥστε
1491 1717 1680 1776 μολίβδῳ

534 1799 678 1852 χρυσός
696 1830 713 1852 ‚
741 1794 979 1849 ὑπερτερίης
1013 1791 1049 1834 δ’
1083 1795 1216 1847 ἄμμιν
1248 1792 1383 1836 ἔνεστι
1415 1791 1546 1845 λόγος.

268 1866 417 1912 irridet
450 1874 613 1912 amator
643 1881 778 1927 puero
811 1866 988 1911 dicens:

302 1939 457 1998 (1105)
490 1943 566 1990 Εἷς
600 1942 787 1997 βάσανον
821 1938 859 1980 δ’
894 1937 1034 1980 ἐλθὼν
1065 1939 1420 1994 παρατριβόμενός
1451 1953 1493 1979 τε
1524 1932 1711 1991 μολίβδῳ

534 2015 678 2070 χρυσός
708 2015 906 2065 ἄπεφθος
937 2010 1018 2053 ἐὼν
1052 2008 1178 2059 καλὸς
1208 2011 1366 2052 ἅπασιν
1402 2009 1487 2065 ἔσῃ.

268 2084 349 2138 Qui
399 2084 671 2144 Theognidea
719 2083 922 2136 versavit,
970 2083 1102 2141 probe
1153 2082 1233 2127 scit
1277 2088 1459 2140 quantae
1509 2093 1635 2126 curae
1668 2079 1754 2125 sint

270 2157 507 2216 Theognidi
538 2156 716 2206 πλοῦτος
746 2164 789 2202 et
820 2156 970 2205 αἰδώς.
1012 2154 1122 2206 Quid
1153 2154 1284 2213 igitur
1314 2161 1460 2199 censet
1493 2153 1544 2198 de
1575 2152 1643 2198 his
1663 2165 1757 2197 ver-

267 2229 334 2274 bis
351 2266 361 2283 ,
395 2244 504 2288 quae
536 2230 737 2288 leguntur
767 2244 827 2274 vs.
863 2227 1004 2273 1067:
1041 2227 1081 2269 τί
1106 2244 1175 2281 μοι
1193 2226 1368 2276 πλοῦτός
1387 2244 1428 2269 τε
1447 2228 1516 2268 καὶ
1536 2225 1665 2275 αῖδὼς
1687 2225 1757 2283 2)‘?

263 2301 374 2356 Quid
406 2302 458 2347 de
490 2301 557 2347 his
590 2301 812 2347 versibus:

325 2374 453 2435 (762)
483 2379 597 2429 ἡμεῖς
628 2374 672 2417 δὲ
704 2373 888 2423 σπονδὰς
921 2376 1084 2415 θεοῖσιν
1117 2373 1383 2428 ἀρεσσάμενοι

411 2448 597 2502 πίνωμεν
631 2447 829 2504 χαρίεντα
861 2444 950 2500 μετ’
982 2443 1199 2499 ἀλλήλοισι
1232 2443 1417 2496 λέγοντες

467 2519 598 2575 μηδὲν
631 2520 703 2562 τόν
736 2517 900 2572 Μήδων
934 2516 1133 2567 δειδιότες
1165 2516 1362 2571 πόλεμον·

268 2607 403 2653 quum
433 2608 492 2638 vs.
527 2591 611 2638 773
643 2606 735 2651 sqq.
771 2591 815 2636 in
851 2590 1051 2649 precibus
1085 2590 1137 2635 ad
1168 2589 1405 2648 Apollinem
1436 2601 1613 2647 prorsus
1645 2601 1748 2633 con-

188 2690 194 2695 ·
267 2667 446 2712 trarium
507 2665 705 2711 dicatur?
760 2663 911 2708 Nonne
958 2662 1231 2722 parodiarum
1278 2660 1479 2706 indicatio
1525 2659 1744 2706 manifesta

269 2740 373 2786 est‘?
404 2738 522 2784 Alius
552 2736 652 2783 belli
683 2742 954 2795 contemptor
987 2735 1116 2780 dicit:

309 2923 337 2967 ²)
376 2923 454 2956 Mut.
476 2922 683 2965 παιδαϊδης
712 2930 813 2954 veram
833 2919 993 2952 lectionem
1017 2917 1156 2951 restituit
1181 2916 1289 2957 Bergk.

310 2981 340 3026 2)
377 2982 429 3015 Vs.
462 2980 545 3014 1063
581 2980 676 3020 Bergk
699 2979 824 3022 scripsit
847 2978 917 3011 καλ
939 2974 1017 3010 λῖθ’
1046 2986 1101 3019 pro
1123 2975 1251 3008 lectione
1269 2973 1346 3008 Mut.
1368 2969 1561 3016 πάννυχοῖι.
1585 2971 1753 3007 nolendum

266 3046 312 3075 est
335 3040 416 3082 quod
439 3049 493 3072 nec
515 3038 594 3071 dixit
617 3047 672 3071 cur
695 3037 884 3074 mutaverit,
909 3045 964 3069 nec
984 3034 1057 3077 quid
1078 3034 1248 3071 substituta
1272 3033 1361 3066 verba
1384 3032 1568 3072 significent.
