1898 3386
947 221 1004 268 20

232 356 406 400 fuerunt
449 353 523 412 qui
568 353 736 399 iocandi
775 351 1045 398 cavillandive
1078 366 1206 397 eausa
1238 351 1378 410 gravia
1409 349 1716 396 sententiarum

234 427 362 472 verba
397 426 442 470 in
471 440 540 471 res
575 424 810 471 levissimas
840 425 905 470 vel
932 423 1230 483 spurcissimas
1246 422 1524 468 transferrent
1540 438 1551 478 ;
1568 419 1715 472 tertia,

235 498 351 557 quod
383 498 557 543 eaedem
588 497 746 556 elegiae
777 511 801 542 a
830 497 1024 556 pluribus
1055 495 1100 540 in
1130 494 1302 542 brevius
1329 500 1572 540 contractae
1603 496 1715 537 sunt.

234 571 317 617 Res
362 570 455 629 ipsa
494 569 711 627 loquitur,
747 569 1043 614 difficillimum
1073 582 1168 614 esse
1199 574 1383 625 quatuor
1415 567 1519 612 haee
1564 577 1720 624 genera

232 642 291 688 ita
342 641 544 696 definire,
608 648 656 687 ut
709 642 761 687 de
823 640 1001 700 singulis
1051 639 1244 686 versibus
1290 645 1458 686 constet
1502 637 1556 683 ad
1601 635 1718 694 quod

232 728 368 774 genus
415 714 626 760 referendi
675 714 773 760 sint.
825 713 1069 773 Sagaciores
1116 726 1245 771 quam
1286 726 1366 771 ego
1415 725 1511 757 sum
1550 709 1596 754 id
1637 714 1721 754 sta-

230 787 391 833 biliant.
441 786 542 831 Mihi
583 786 685 832 satis
726 786 807 832 erit
853 786 889 832 si
928 785 1109 832 effecero
1155 792 1204 830 ut
1252 785 1305 830 ad
1336 784 1428 843 ipsa
1464 795 1642 842 genera,
1675 779 1721 826 in

234 873 420 918 quorum
478 859 667 905 secundo
718 859 859 904 adhuc
894 873 1046 918 parum
1092 872 1219 903 curae
1265 856 1455 916 positum
1488 862 1554 901 est
1582 854 1644 913 1),
1675 851 1722 898 in

234 939 456 991 posterum
486 931 566 978 viri
597 931 712 977 docti
741 930 876 990 magis
902 931 1092 976 animum
1117 930 1350 976 attendant.
1382 929 1431 973 In
1456 928 1573 973 hune
1588 926 1720 972 finem

232 1016 438 1050 versuum
469 1005 522 1049 ad
554 1004 742 1063 primum
774 1010 817 1049 et
848 1004 1086 1049 secundum
1116 1017 1251 1062 genus
1282 1000 1591 1061 pertinentium
1620 1012 1723 1044 con-

234 1075 416 1122 iunctim
431 1113 442 1131 ,
486 1076 751 1134 reliquorum
792 1091 871 1122 suo
900 1077 994 1122 loco
1029 1075 1277 1121 disiunctim
1309 1073 1590 1120 summarium
1620 1071 1721 1116 dare

235 1149 434 1194 conabor.
485 1149 538 1193 Et
569 1148 772 1206 quoniam
802 1163 854 1195 eo
885 1162 1139 1208 progressus
1174 1162 1271 1193 sum
1293 1153 1343 1192 ut
1371 1146 1545 1191 alteram
1564 1157 1722 1203 propo-

235 1220 306 1266 siti
338 1227 504 1280 partem
537 1221 791 1266 adumbrare
823 1221 1023 1276 debeam,
1070 1220 1183 1266 illico
1214 1219 1386 1265 initium
1414 1217 1564 1264 faciam
1594 1214 1722 1276 primi

237 1293 477 1348 summarii,
528 1293 598 1338 cui
643 1293 830 1339 inseram
878 1308 1027 1339 versus
1068 1293 1237 1338 aliunde
1269 1290 1450 1351 petitos,
1483 1290 1535 1335 de
1566 1287 1722 1346 quibus

233 1379 383 1412 versus
414 1366 459 1411 in
490 1365 762 1425 Theognidea
791 1373 987 1425 poemata
1019 1365 1181 1425 recepti
1208 1371 1281 1410 aut
1297 1362 1491 1410 nonnihil
1506 1361 1719 1414 referunt,

234 1445 309 1483 aut
347 1446 435 1484 tam
474 1438 660 1483 multum
688 1445 737 1483 ut
767 1452 897 1484 ovum
928 1453 1008 1485 ovo
1040 1438 1220 1484 similius
1268 1451 1362 1483 esse
1396 1440 1592 1493 nequeat.
1638 1431 1721 1478 Ubi

233 1524 343 1570 opus
375 1510 456 1556 erit
485 1510 531 1555 in
561 1510 703 1556 medio
738 1510 970 1557 summario
1003 1510 1245 1556 subsistam.

293 1582 348 1627 27
382 1585 465 1625 Σοὶ
493 1581 533 1624 δ’
565 1583 646 1635 ἐγὼ
671 1577 716 1625 εὖ
746 1582 932 1639 φρονέων
965 1583 1260 1638 ὑποθήσομαι,
1296 1578 1440 1635 οἷάπερ
1472 1577 1624 1631 αὐτὸς,

438 1653 598 1710 Κύρν’,
632 1655 715 1697 ἀπὸ
749 1657 834 1698 τῶν
865 1655 1045 1708 ἀγαθῶν
1077 1658 1177 1704 παῖς
1209 1652 1269 1696 ἔτ’
1302 1652 1383 1695 ἐὼν
1415 1651 1594 1706 ἔμαθον.

234 1726 348 1774 ’1049
379 1730 462 1769 Σοὶ
493 1726 533 1769 δ’
565 1727 646 1780 ἐγὼ
678 1723 746 1769 οἶά
775 1745 819 1771 τε
851 1728 974 1772 παιδὶ
1004 1731 1141 1784 πατὴρ
1166 1727 1435 1780 ὑποθήσομαι
1463 1723 1586 1772 αὐτός

444 1798 592 1842 ἐσθλά·

265 2018 350 2064 ’105
381 2017 555 2068 Δειλούς
591 2014 632 2061 εὐ
663 2019 829 2074 ἕρδοντι
859 2020 1120 2071 ματαιοτάτη
1153 2019 1267 2073 χάρις
1298 2013 1426 2056 ἐστίν·

266 2090 351 2136 955
383 2089 555 2140 Δειλούς
587 2085 633 2134 εὖ
659 2090 826 2147 ἓρδοντι
857 2090 940 2131 δύω
968 2092 1089 2131 κακά·

266 2308 351 2353 ’145
382 2306 546 2350 Boutae
577 2306 616 2348 δ’
648 2307 845 2364 εὐσεβέων
878 2306 1032 2359 ὀλίγοις
1063 2307 1136 2349 σύν
1169 2309 1370 2363 χρήμασιν
1403 2308 1530 2351 οἰκεῖν

441 2384 468 2434 ἤ
496 2378 719 2430 πλουτεῖν,
753 2378 905 2428 ἀδίκως
938 2383 1127 2436 χρήματα
1156 2380 1403 2432 πασάμενος.

383 2453 427 2495 ἐν
460 2452 504 2494 δὲ
538 2451 782 2508 δικαιοσύνῃ
816 2450 1054 2508 συλλήβδην
1086 2448 1185 2494 πᾶσ’
1214 2448 1353 2506 ἀρετ-ἤ
1383 2464 1507 2506 στιν,

276 2697 301 2740 ¹)
335 2695 496 2733 Weicker‚
529 2696 582 2738 qui
625 2696 701 2729 nihil
735 2695 886 2737 neglexit,
920 2695 996 2729 dicit
1019 2706 1050 2739 p.
1073 2695 1223 2730 LXXIXz
1246 2696 1386 2735 „Quibus
1408 2699 1572 2740 expunctis
1595 2707 1722 2741 superu-

229 2759 303 2786 runt
336 2754 465 2785 fortasse
497 2753 645 2795 quaedam
691 2763 749 2786 non
780 2763 797 2785 a
827 2753 1023 2794 Ttmoguide,
1054 2753 1107 2786 sed
1131 2754 1170 2785 ab
1194 2754 1403 2786 imitatoribus
1428 2756 1562 2796 prosecta
1609 2762 1640 2788 et
1665 2766 1724 2798 po-

230 2811 359 2844 steriore
386 2815 506 2847 aetate,
529 2810 712 2851 colligendi,
732 2821 810 2853 quae
836 2811 874 2843 ad
904 2811 985 2843 idem
1008 2820 1134 2853 poeseos
1163 2821 1259 2852 genus
1287 2813 1496 2853 pertinerent,
1525 2812 1646 2851 studio.
1662 2813 1721 2855 ipsi

230 2868 406 2911 adscripta,
427 2877 504 2910 quae
536 2867 668 2900 discerni
703 2878 763 2901 non
789 2869 931 2911 possint,
953 2868 999 2901 vel
1026 2869 1053 2900 si
1075 2869 1176 2910 aliqua
1205 2869 1305 2911 specie
1329 2870 1391 2902 veri
1413 2871 1553 2912 possint.
1582 2881 1641 2903 nou
1665 2870 1722 2903 de-

223 2926 313 2959 beant
339 2929 421 2958 certe
444 2935 462 2956 a
489 2924 614 2967 reliquis
636 2926 795 2967 separari,
822 2927 895 2968 quia
921 2927 1018 2960 maior
1039 2931 1086 2959 est
1114 2927 1351 2969 comparationis
1380 2927 1608 2967 instituendae,
1631 2937 1724 2971 quam

221 2983 438 3017 disiunctionis
462 2982 555 3016 nimis
576 2982 700 3017 sedulae
719 2983 882 3028 utilitas·⁸
