1898 3386
893 229 949 275 13

241 358 369 419 (341)
400 359 546 402 Ἀλλὰ
576 364 656 402 Ζεῦ
687 359 852 403 τέλεσόν
881 376 951 414 μοι
983 359 1184 415 Ὀλύμπιε
1216 361 1380 415 καίριον
1411 358 1552 415 εὐχήν·

443 432 511 482 δός
540 449 610 487 μοι
630 432 666 491 ¹)
697 431 794 475 ἀντὶ
826 435 968 475 κακῶν
1001 433 1072 474 καί
1103 450 1143 474 τι
1174 435 1332 474 παθεῖν
1364 431 1548 483 ἀγαθόν.

384 507 591 560 τεθναίην
623 505 682 555 δ’,
718 507 753 547 εἰ
782 509 835 559 μή
867 522 908 547 τι
941 507 1083 548 κακῶν
1114 508 1324 559 ἄμπαυμα
1355 502 1584 559 μεριμνέων

443 577 658 632 εὑροίμην,
690 576 808 632 δοίην
844 575 883 618 δ’
913 576 1009 619 ἄντ’
1042 577 1175 620 ἀνιῶν
1208 577 1347 626 οἷνίας·

384 645 483 690 αἶσα
513 651 591 703 γὰρ
622 650 750 699 οὕτως
781 650 880 691 ἐστί·
914 651 1018 698 τίσις
1049 648 1089 691 δ’
1120 649 1167 691 οὺ
1198 652 1391 704 φαίνεται
1424 651 1519 704 ἡμῖν

441 721 608 776 ἀνδρῶν
626 755 635 772 ,
669 723 711 763 οἳ
739 722 850 776 τοέμὰ
883 720 1056 777 χρήματ’
1087 722 1226 778 ἔχουσι
1252 723 1324 779 βίῃ

385 793 650 847 συλήσαντες·
685 794 766 846 ἐγὼ
797 793 842 835 δὲ
875 796 984 836 κύων
1018 793 1199 849 ἐπέρησα
1231 793 1465 851 χαράδρην,

446 872 646 923 χειμάρρῳ
676 870 849 922 ποταμῷ
878 865 1004 909 πάντ’
1031 867 1365 921 ἀποσεισάμενος·

386 941 471 982 τῶν
503 940 566 994 εἴη
595 938 727 994 μέλαν
761 937 866 993 αἷμα
896 943 1025 981 πιεῖν·
1058 941 1127 981 ἐπί
1157 938 1196 981 τ’
1231 937 1378 988 ἐσθλὸς
1408 940 1545 994 ὄροιτο

443 1012 602 1066 δαίμων
621 1043 633 1061 ,
666 1013 710 1060 ὃς
741 1010 836 1053 κατ’
867 1013 964 1065 ἐμὸν
995 1015 1096 1054 νοῦν
1126 1010 1298 1054 τελέσειε
1330 1010 1443 1055 τάδε.

185 1083 243 1129 Gt.
288 1099 348 1129 vs.
394 1082 595 1129 337—40
612 1099 623 1138 ;
671 1083 856 1128 361—2.
902 1084 1002 1129 Post
1042 1085 1199 1129 multos
1241 1097 1406 1128 errores
1436 1089 1586 1141 poetae
1617 1082 1662 1126 in

184 1156 363 1214 patriam
392 1156 531 1201 redire
564 1155 755 1213 contigit.
803 1155 885 1201 Sed
918 1157 1279 1221 quemadmodum
1309 1155 1411 1212 quid
1443 1154 1570 1200 fuerit
1586 1167 1663 1198 cur

185 1228 231 1273 in
274 1228 469 1274 exsilium
514 1229 664 1286 pulsus
697 1228 751 1272 sit
782 1228 1029 1286 ignoratur,
1064 1228 1125 1273 sic
1161 1242 1287 1273 causa
1317 1227 1480 1272 reditus
1514 1227 1558 1271 in
1588 1226 1663 1272 ob-

184 1315 310 1346 scuro
340 1307 432 1346 est:

243 1371 369 1431 (783)
405 1360 583 1415 ἶΗλθον
613 1375 689 1427 μὲν
721 1375 798 1428 γὰρ
831 1373 957 1425 ἔγωγε
989 1375 1060 1414 καὶ
1093 1375 1149 1421 εἷς
1178 1371 1362 1426 Σικελήν
1389 1387 1489 1414 ποτε
1504 1373 1658 1423 γαῖαν,

442 1443 577 1500 ἦλθον
610 1445 648 1487 δ’
679 1445 862 1502 Εὐβοίης
893 1443 1097 1499 οἷμπελόεν
1128 1445 1273 1487 πεδίον

387 1521 590 1573 Σπάρτην
626 1517 663 1560 τ’
694 1517 874 1572 Εὐρώτα
907 1517 1219 1572 δονακοτρόφου
1251 1516 1411 1570 οέγλαὸν
1440 1520 1562 1560 ἄστυ·

447 1591 518 1631 καί
546 1590 588 1644 μ’
621 1589 788 1644 ἐφίλευν
819 1593 1059 1645 προφρόνως
1089 1593 1243 1639 πάντες
1274 1591 1560 1647 ἐπερχόμενον·

383 1661 476 1704 ἀλλ’
510 1664 622 1711 οὔτις
651 1678 721 1716 μοι
752 1661 899 1717 τέρψις
931 1664 998 1704 ἐπὶ
1031 1662 1183 1716 φρένας
1216 1659 1348 1716 ἦλθεν
1381 1664 1566 1705 ἐκείνων.

443 1735 571 1783 οὕτως
603 1734 724 1776 οὐδὲν
755 1734 823 1788 ἄρ’
855 1732 905 1787 ἦν
938 1733 1130 1789 φίλτερον
1156 1733 1261 1776 ἄλλο
1290 1739 1448 1792 πάτρης
1462 1737 1515 1789 ²).

183 1806 305 1859 Quod
349 1807 494 1852 multis
539 1821 663 1865 saepe
700 1807 853 1851 accidit
883 1814 932 1851 ut
964 1807 1142 1852 alicuius
1174 1807 1235 1852 rei
1271 1808 1460 1852 studium
1495 1807 1539 1851 in
1569 1805 1660 1851 aliis

180 1879 299 1923 valde
345 1879 606 1935 vituperent,
655 1879 830 1923 eandem
875 1878 957 1937 ipsi
988 1892 1257 1936 nequaquam
1288 1884 1584 1931 contemnant,
1617 1877 1661 1922 id

182 1950 227 1994 in
256 1965 310 1995 re,
331 1951 573 2009 pecuniaria
603 1951 839 2009 Theognidi
874 1966 957 1996 usu
988 1951 1154 1995 venisse
1179 1965 1306 2009 supra
1326 1951 1520 1996 vidimus.
1553 1951 1659 1996 Nam

181 2024 267 2068 huc
295 2023 422 2068 retuli
453 2023 706 2068 sententiam
738 2037 821 2080 qua
853 2024 1061 2067 docemur
1092 2023 1281 2067 scilicet:

240 2095 365 2153 (525)
397 2090 500 2140 Esse
523 2096 778 2153 locupletem
791 2132 800 2147 ,
834 2094 907 2151 qui
935 2095 989 2139 sit
1005 2096 1145 2139 bonus
1163 2131 1172 2147 ,
1191 2094 1293 2139 utile
1311 2101 1353 2139 et
1368 2108 1552 2152 aequum
1570 2101 1656 2149 est,

437 2166 591 2211 Utilius
625 2166 725 2210 vivit
755 2180 917 2224 pauper
947 2166 1158 2224 inopsque
1189 2167 1324 2211 malus
1343 2167 1396 2224 ³).

181 2238 274 2283 Huc
315 2238 442 2282 etiam
472 2239 716 2283 referendos
747 2252 841 2282 esse
874 2252 1028 2282 censeo
1060 2252 1208 2283 versus
1241 2252 1424 2295 quorum
1454 2239 1660 2283 Aristote-

179 2311 240 2355 les
299 2324 434 2354 unum
494 2310 640 2363 affert,
691 2323 885 2366 quosque
931 2317 1029 2368 post
1078 2324 1176 2354 euin
1222 2311 1422 2368 permulti
1467 2317 1661 2356 veterum

179 2382 435 2427 laudarunt:

239 2453 365 2513 (173)
399 2453 560 2509 ”Λνδρ’
592 2454 759 2506 ἀγαθὸν
791 2454 914 2508 πενίη
945 2456 1114 2495 πάντων
1148 2453 1325 2508 δάμνησι
1354 2453 1535 2508 μάλιστα

440 2529 518 2586 καὶ,
544 2531 673 2582 γήρως
703 2525 874 2576 πολιοῦ,
908 2529 1069 2581 Κύρνε,
1109 2529 1179 2567 καὶ
1210 2525 1414 2579 ἠπιάλου,

233 2652 260 2694 ¹)
292 2652 326 2685 ln
357 2653 544 2685 editionibus
579 2653 690 2693 legitur
726 2654 788 2690 δὸς
824 2654 866 2685 δέ
899 2667 979 2692 μοι,
1012 2654 1064 2686 sed
1102 2654 1144 2685 δέ
1169 2654 1242 2686 mihi
1266 2655 1405 2696 ineptum
1431 2666 1497 2688 esse
1522 2656 1664 2694 videtur,

176 2710 424 2752 quandoquidem
460 2711 498 2742 ab
534 2710 591 2743 hoc
625 2711 691 2752 ipso
725 2721 813 2742 versu
837 2721 942 2752 preces
967 2712 1129 2752 incipiunt.
1169 2711 1263 2743 Metro
1289 2723 1348 2745 non
1371 2714 1567 2755 postulatur,
1591 2715 1662 2756 quia

179 2768 243 2805 δός
265 2781 325 2807 μοι
350 2777 420 2799 cum
444 2768 574 2809 pondere
598 2768 723 2800 dicitur.
748 2768 792 2800 Cr.
818 2778 861 2800 vs.
886 2768 906 2799 2
924 2793 931 2804 ‚
955 2768 1038 2805 529,
1058 2769 1132 2800 568.

230 2823 258 2867 ²)
291 2824 337 2856 cf.
369 2824 584 2866 Harpocration
610 2826 630 2857 i.
655 2835 682 2857 v.
707 2824 867 2866 Θέογνις.

234 2880 262 2924 ³)
301 2881 474 2914 versionem
506 2882 629 2914 latinam
664 2887 823 2914 mutuatus
856 2892 925 2914 sum
949 2892 985 2914 ex
1009 2883 1157 2924 opusculo
1181 2883 1262 2925 quod
1286 2884 1485 2919 inscribitur:
1511 2885 1661 2927 Pythago-

174 2949 243 2975 ras,
274 2939 471 2980 Phocylides,
503 2939 668 2980 Theognis.
697 2940 836 2972 Carmine
859 2940 967 2971 Latino
991 2942 1151 2982 expressi,
1175 2941 1290 2973 Petreio
1314 2941 1402 2973 Tiara
1425 2942 1523 2974 Frisio
1549 2943 1664 2976 Medico

178 3002 209 3029 et
232 2998 414 3029 Graecarum
439 2993 610 3029 Literni-um
625 3021 633 3034 ,
655 3007 724 3030 eum
750 2998 884 3034 viveret,
907 2998 1078 3039 professore
1102 2999 1278 3040 interprete.
1311 2999 1495 3033 Franekerae
1513 3009 1651 3034 cininxic.
