<?xml version="1.0" encoding="UTF-8"?>
<!DOCTYPE html PUBLIC "-//W3C//DTD XHTML 1.0 Transitional//EN"
    "http://www.w3.org/TR/xhtml1/DTD/xhtml1-transitional.dtd">
<html xmlns="http://www.w3.org/1999/xhtml" xml:lang="en" lang="en">
 <head>
  <title>
</title>
<meta http-equiv="Content-Type" content="text/html;charset=utf-8" />
  <meta name='ocr-system' content='tesseract 3.04.00' />
  <meta name='ocr-capabilities' content='ocr_page ocr_carea ocr_par ocr_line ocrx_word'/>
</head>
<body>
  <div class='ocr_page' id='page_1' title='image "./studiatheognidea00meyhuoft_0057.png"; bbox 0 0 1898 3386; ppageno 0'>
   <div class='ocr_carea' id='block_1_1' title="bbox 858 259 911 304">
    <p class='ocr_par' dir='ltr' id='par_1_1' title="bbox 858 259 911 304">
     <span class='ocr_line' id='line_1_1' title="bbox 858 259 911 304; baseline 0 0"><span class='ocrx_word' id='word_1_1' title='bbox 858 259 911 304; x_wconf 77' lang='lat'>47</span> 
     </span>
    </p>
   </div>
   <div class='ocr_carea' id='block_1_2' title="bbox 146 386 1634 955">
    <p class='ocr_par' dir='ltr' id='par_1_2' title="bbox 146 386 1634 955">
     <span class='ocr_line' id='line_1_2' title="bbox 146 386 1630 439; baseline -0.006 0"><span class='ocrx_word' id='word_1_2' title='bbox 146 391 346 439; x_wconf 84' lang='lat' dir='ltr'>Similiter</span> <span class='ocrx_word' id='word_1_3' title='bbox 378 391 576 437; x_wconf 83' lang='lat' dir='ltr'>Welcker</span> <span class='ocrx_word' id='word_1_4' title='bbox 599 389 693 436; x_wconf 84' lang='lat' dir='ltr'>iure</span> <span class='ocrx_word' id='word_1_5' title='bbox 723 400 872 435; x_wconf 87' lang='lat' dir='ltr'>versus</span> <span class='ocrx_word' id='word_1_6' title='bbox 905 386 1134 433; x_wconf 71' lang='lat'>971—972</span> <span class='ocrx_word' id='word_1_7' title='bbox 1163 387 1305 433; x_wconf 88' lang='lat' dir='ltr'>versui</span> <span class='ocrx_word' id='word_1_8' title='bbox 1321 386 1407 433; x_wconf 72' lang='lat'>492</span> <span class='ocrx_word' id='word_1_9' title='bbox 1425 386 1630 433; x_wconf 86' lang='lat' dir='ltr'>continuo</span> 
     </span>
     <span class='ocr_line' id='line_1_3' title="bbox 147 459 1630 519; baseline -0.005 -8"><span class='ocrx_word' id='word_1_10' title='bbox 147 464 420 511; x_wconf 87' lang='lat' dir='ltr'>subiunxisse</span> <span class='ocrx_word' id='word_1_11' title='bbox 461 463 640 509; x_wconf 85' lang='lat' dir='ltr'>videtur.</span> <span class='ocrx_word' id='word_1_12' title='bbox 688 460 764 507; x_wconf 89' lang='lat' dir='ltr'>His</span> <span class='ocrx_word' id='word_1_13' title='bbox 805 460 857 507; x_wconf 90' lang='lat' dir='ltr'>de</span> <span class='ocrx_word' id='word_1_14' title='bbox 891 460 1030 506; x_wconf 84' lang='lat' dir='ltr'>causis</span> <span class='ocrx_word' id='word_1_15' title='bbox 1064 459 1260 506; x_wconf 87' lang='lat' dir='ltr'>existimo</span> <span class='ocrx_word' id='word_1_16' title='bbox 1292 459 1479 519; x_wconf 84' lang='lat' dir='ltr'>priorem</span> <span class='ocrx_word' id='word_1_17' title='bbox 1511 459 1630 505; x_wconf 88' lang='lat' dir='ltr'>chre-</span> 
     </span>
     <span class='ocr_line' id='line_1_4' title="bbox 148 531 1631 595; baseline -0.005 -12"><span class='ocrx_word' id='word_1_18' title='bbox 148 536 401 584; x_wconf 84' lang='lat' dir='ltr'>stomathiae</span> <span class='ocrx_word' id='word_1_19' title='bbox 445 542 609 595; x_wconf 88' lang='lat' dir='ltr'>partem</span> <span class='ocrx_word' id='word_1_20' title='bbox 640 548 664 580; x_wconf 91' lang='lat' dir='ltr'>e</span> <span class='ocrx_word' id='word_1_21' title='bbox 695 533 861 579; x_wconf 88' lang='lat' dir='ltr'>duabus</span> <span class='ocrx_word' id='word_1_22' title='bbox 895 533 1044 578; x_wconf 87' lang='lat' dir='ltr'>saltem</span> <span class='ocrx_word' id='word_1_23' title='bbox 1077 531 1422 578; x_wconf 84' lang='lat' dir='ltr'>chrestomathiis</span> <span class='ocrx_word' id='word_1_24' title='bbox 1453 531 1631 590; x_wconf 87' lang='lat' dir='ltr'>petitam</span> 
     </span>
     <span class='ocr_line' id='line_1_5' title="bbox 147 603 1632 663; baseline -0.006 -7"><span class='ocrx_word' id='word_1_25' title='bbox 147 624 255 656; x_wconf 89' lang='lat' dir='ltr'>esse.</span> <span class='ocrx_word' id='word_1_26' title='bbox 302 608 518 655; x_wconf 87' lang='lat' dir='ltr'>Concludo</span> <span class='ocrx_word' id='word_1_27' title='bbox 549 607 662 652; x_wconf 86' lang='lat' dir='ltr'>circa</span> <span class='ocrx_word' id='word_1_28' title='bbox 690 620 750 651; x_wconf 88' lang='lat' dir='ltr'>vs.</span> <span class='ocrx_word' id='word_1_29' title='bbox 778 603 862 650; x_wconf 88' lang='grc'>756</span> <span class='ocrx_word' id='word_1_30' title='bbox 892 604 1054 663; x_wconf 84' lang='lat' dir='ltr'>primae</span> <span class='ocrx_word' id='word_1_31' title='bbox 1077 603 1354 663; x_wconf 87' lang='lat' dir='ltr'>pristinarum</span> <span class='ocrx_word' id='word_1_32' title='bbox 1371 603 1632 649; x_wconf 86' lang='lat' dir='ltr'>chrestoma-</span> 
     </span>
     <span class='ocr_line' id='line_1_6' title="bbox 149 673 1628 733; baseline -0.005 -7"><span class='ocrx_word' id='word_1_33' title='bbox 149 680 338 726; x_wconf 87' lang='lat' dir='ltr'>thiarum</span> <span class='ocrx_word' id='word_1_34' title='bbox 376 679 528 733; x_wconf 90' lang='lat' dir='ltr'>finem,</span> <span class='ocrx_word' id='word_1_35' title='bbox 561 678 674 725; x_wconf 82' lang='lat' dir='ltr'>circa</span> <span class='ocrx_word' id='word_1_36' title='bbox 703 692 765 723; x_wconf 85' lang='lat' dir='ltr'>vs.</span> <span class='ocrx_word' id='word_1_37' title='bbox 797 676 881 722; x_wconf 88' lang='lat'>769</span> <span class='ocrx_word' id='word_1_38' title='bbox 907 676 1118 722; x_wconf 88' lang='lat' dir='ltr'>secundae</span> <span class='ocrx_word' id='word_1_39' title='bbox 1151 675 1322 722; x_wconf 89' lang='lat' dir='ltr'>initium</span> <span class='ocrx_word' id='word_1_40' title='bbox 1339 712 1349 730; x_wconf 91' lang='lat'>‚</span> <span class='ocrx_word' id='word_1_41' title='bbox 1376 689 1400 721; x_wconf 93' lang='lat' dir='ltr'>a</span> <span class='ocrx_word' id='word_1_42' title='bbox 1427 690 1487 720; x_wconf 89' lang='lat' dir='ltr'>vs.</span> <span class='ocrx_word' id='word_1_43' title='bbox 1519 673 1628 719; x_wconf 74' lang='lat'><strong>1231</strong></span> 
     </span>
     <span class='ocr_line' id='line_1_7' title="bbox 148 748 1634 798; baseline -0.003 -1"><span class='ocrx_word' id='word_1_44' title='bbox 148 752 298 798; x_wconf 81' lang='lat' dir='ltr'>tertiae</span> <span class='ocrx_word' id='word_1_45' title='bbox 344 751 515 796; x_wconf 86' lang='lat' dir='ltr'>initium</span> <span class='ocrx_word' id='word_1_46' title='bbox 559 749 750 796; x_wconf 86' lang='lat' dir='ltr'>indicari.</span> <span class='ocrx_word' id='word_1_47' title='bbox 797 749 995 795; x_wconf 87' lang='lat' dir='ltr'>Ceterum</span> <span class='ocrx_word' id='word_1_48' title='bbox 1044 749 1095 794; x_wconf 91' lang='lat' dir='ltr'>de</span> <span class='ocrx_word' id='word_1_49' title='bbox 1130 748 1487 794; x_wconf 83' lang='lat' dir='ltr'>chrestomathiae</span> <span class='ocrx_word' id='word_1_50' title='bbox 1519 761 1634 793; x_wconf 87' lang='lat' dir='ltr'>com-</span> 
     </span>
     <span class='ocr_line' id='line_1_8' title="bbox 146 817 1630 883; baseline -0.005 -13"><span class='ocrx_word' id='word_1_51' title='bbox 146 823 301 883; x_wconf 86' lang='lat' dir='ltr'>pagine</span> <span class='ocrx_word' id='word_1_52' title='bbox 330 823 412 869; x_wconf 87' lang='lat' dir='ltr'>vid.</span> <span class='ocrx_word' id='word_1_53' title='bbox 446 822 609 869; x_wconf 89' lang='lat' dir='ltr'>Welck.</span> <span class='ocrx_word' id='word_1_54' title='bbox 634 837 675 881; x_wconf 92' lang='lat' dir='ltr'>p.</span> <span class='ocrx_word' id='word_1_55' title='bbox 707 820 772 868; x_wconf 82' lang='lat' dir='ltr'>CV</span> <span class='ocrx_word' id='word_1_56' title='bbox 801 835 892 881; x_wconf 86' lang='lat' dir='ltr'>sqq.</span> <span class='ocrx_word' id='word_1_57' title='bbox 911 857 921 876; x_wconf 92' lang='lat'>,</span> <span class='ocrx_word' id='word_1_58' title='bbox 954 821 1087 868; x_wconf 87' lang='lat' dir='ltr'>Lehrs</span> <span class='ocrx_word' id='word_1_59' title='bbox 1119 819 1309 874; x_wconf 87' lang='lat' dir='ltr'>Quaestt.</span> <span class='ocrx_word' id='word_1_60' title='bbox 1341 820 1458 881; x_wconf 87' lang='lat' dir='ltr'>Epic.</span> <span class='ocrx_word' id='word_1_61' title='bbox 1485 833 1527 879; x_wconf 86' lang='lat' dir='ltr'>p.</span> <span class='ocrx_word' id='word_1_62' title='bbox 1545 817 1630 867; x_wconf 73' lang='lat'>212</span> 
     </span>
     <span class='ocr_line' id='line_1_9' title="bbox 150 890 840 955; baseline -0.004 -13"><span class='ocrx_word' id='word_1_63' title='bbox 150 907 243 955; x_wconf 87' lang='lat' dir='ltr'><strong>sqq.</strong></span> <span class='ocrx_word' id='word_1_64' title='bbox 263 931 273 951; x_wconf 95' lang='lat'>,</span> <span class='ocrx_word' id='word_1_65' title='bbox 306 895 530 943; x_wconf 86' lang='lat' dir='ltr'>Nietzsche</span> <span class='ocrx_word' id='word_1_66' title='bbox 558 909 600 954; x_wconf 90' lang='lat' dir='ltr'>p.</span> <span class='ocrx_word' id='word_1_67' title='bbox 629 894 709 940; x_wconf 88' lang='grc'>171</span> <span class='ocrx_word' id='word_1_68' title='bbox 745 890 840 953; x_wconf 69' lang='grc' dir='ltr'><strong><em>εσσζ</em></strong></span> 
     </span>
    </p>
   </div>
   <div class='ocr_carea' id='block_1_3' title="bbox 139 1063 1654 3067">
    <p class='ocr_par' dir='ltr' id='par_1_3' title="bbox 139 1063 1654 3067">
     <span class='ocr_line' id='line_1_10' title="bbox 147 1063 1639 1109; baseline -0.001 -8"><span class='ocrx_word' id='word_1_69' title='bbox 147 1067 263 1101; x_wconf 81' lang='lat' dir='ltr'>dicitur</span> <span class='ocrx_word' id='word_1_70' title='bbox 295 1067 473 1100; x_wconf 77' lang='lat' dir='ltr'>detrimenti</span> <span class='ocrx_word' id='word_1_71' title='bbox 496 1067 607 1109; x_wconf 84' lang='lat' dir='ltr'>capiat.</span> <span class='ocrx_word' id='word_1_72' title='bbox 642 1065 734 1104; x_wconf 83' lang='lat' dir='ltr'>Quasi</span> <span class='ocrx_word' id='word_1_73' title='bbox 758 1074 829 1098; x_wconf 79' lang='lat' dir='ltr'>vero</span> <span class='ocrx_word' id='word_1_74' title='bbox 853 1074 962 1099; x_wconf 87' lang='lat' dir='ltr'>sensus</span> <span class='ocrx_word' id='word_1_75' title='bbox 983 1075 1000 1098; x_wconf 93' lang='lat' dir='ltr'>e</span> <span class='ocrx_word' id='word_1_76' title='bbox 1023 1064 1168 1098; x_wconf 86' lang='lat' dir='ltr'>mendoso</span> <span class='ocrx_word' id='word_1_77' title='bbox 1191 1065 1307 1108; x_wconf 84' lang='lat' dir='ltr'>scripto</span> <span class='ocrx_word' id='word_1_78' title='bbox 1331 1064 1402 1108; x_wconf 86' lang='lat' dir='ltr'>plns</span> <span class='ocrx_word' id='word_1_79' title='bbox 1423 1063 1639 1099; x_wconf 80' lang='lat' dir='ltr'>delectationis</span> 
     </span>
     <span class='ocr_line' id='line_1_11' title="bbox 148 1123 1020 1169; baseline -0.005 -10"><span class='ocrx_word' id='word_1_80' title='bbox 148 1130 180 1159; x_wconf 90' lang='lat' dir='ltr'>et</span> <span class='ocrx_word' id='word_1_81' title='bbox 202 1125 370 1169; x_wconf 83' lang='lat' dir='ltr'>voluptatis</span> <span class='ocrx_word' id='word_1_82' title='bbox 393 1134 486 1168; x_wconf 91' lang='lat' dir='ltr'>quam</span> <span class='ocrx_word' id='word_1_83' title='bbox 508 1133 545 1157; x_wconf 90' lang='lat' dir='ltr'>ex</span> <span class='ocrx_word' id='word_1_84' title='bbox 568 1123 733 1157; x_wconf 89' lang='lat' dir='ltr'>emendato</span> <span class='ocrx_word' id='word_1_85' title='bbox 755 1132 862 1165; x_wconf 81' lang='lat' dir='ltr'>capere</span> <span class='ocrx_word' id='word_1_86' title='bbox 888 1123 1020 1164; x_wconf 84' lang='lat' dir='ltr'>possint.</span> 
     </span>
     <span class='ocr_line' id='line_1_12' title="bbox 352 1178 1387 1224; baseline -0.004 -8"><span class='ocrx_word' id='word_1_87' title='bbox 352 1193 398 1216; x_wconf 78' lang='lat' dir='ltr'>vs.</span> <span class='ocrx_word' id='word_1_88' title='bbox 423 1182 485 1216; x_wconf 77' lang='lat'>¹38</span> <span class='ocrx_word' id='word_1_89' title='bbox 510 1183 571 1215; x_wconf 86' lang='grc' dir='ltr'>καί</span> <span class='ocrx_word' id='word_1_90' title='bbox 594 1194 636 1214; x_wconf 82' lang='grc' dir='ltr'>τε</span> <span class='ocrx_word' id='word_1_91' title='bbox 660 1180 772 1214; x_wconf 76' lang='grc' dir='ltr'><strong><em>δοκῶν</em></strong></span> <span class='ocrx_word' id='word_1_92' title='bbox 795 1182 926 1224; x_wconf 80' lang='grc' dir='ltr'><strong><em>θήσειν</em></strong></span> <span class='ocrx_word' id='word_1_93' title='bbox 949 1180 1103 1219; x_wconf 78' lang='grc' dir='ltr'><strong><em>ἐσθλόν,</em></strong></span> <span class='ocrx_word' id='word_1_94' title='bbox 1127 1178 1240 1223; x_wconf 74' lang='grc' dir='ltr'><strong><em>ἔθηκε</em></strong></span> <span class='ocrx_word' id='word_1_95' title='bbox 1267 1179 1387 1216; x_wconf 83' lang='grc' dir='ltr'><strong><em>κακόν.</em></strong></span> 
     </span>
     <span class='ocr_line' id='line_1_13' title="bbox 139 1236 1572 1280; baseline -0.001 -6"><span class='ocrx_word' id='word_1_96' title='bbox 139 1240 299 1274; x_wconf 82' lang='lat' dir='ltr'>scribatur</span> <span class='ocrx_word' id='word_1_97' title='bbox 323 1241 384 1274; x_wconf 76' lang='grc' dir='ltr'><strong><em>καὶ</em></strong></span> <span class='ocrx_word' id='word_1_98' title='bbox 409 1240 566 1277; x_wconf 77' lang='grc' dir='ltr'><strong><em>δοκέων,</em></strong></span> <span class='ocrx_word' id='word_1_99' title='bbox 591 1248 660 1271; x_wconf 90' lang='lat' dir='ltr'>nam</span> <span class='ocrx_word' id='word_1_100' title='bbox 684 1251 725 1271; x_wconf 82' lang='grc' dir='ltr'>τε</span> <span class='ocrx_word' id='word_1_101' title='bbox 747 1247 1007 1280; x_wconf 85' lang='lat' dir='ltr'>supervacaneum</span> <span class='ocrx_word' id='word_1_102' title='bbox 1031 1242 1080 1271; x_wconf 91' lang='lat' dir='ltr'>est</span> <span class='ocrx_word' id='word_1_103' title='bbox 1102 1242 1134 1270; x_wconf 88' lang='lat' dir='ltr'>et</span> <span class='ocrx_word' id='word_1_104' title='bbox 1158 1238 1294 1280; x_wconf 83' lang='lat' dir='ltr'>proxime</span> <span class='ocrx_word' id='word_1_105' title='bbox 1315 1236 1468 1271; x_wconf 80' lang='lat' dir='ltr'>antecedit</span> <span class='ocrx_word' id='word_1_106' title='bbox 1495 1237 1572 1272; x_wconf 83' lang='lat' dir='ltr'>hoc:</span> 
     </span>
     <span class='ocr_line' id='line_1_14' title="bbox 355 1295 1400 1341; baseline -0.003 -10"><span class='ocrx_word' id='word_1_107' title='bbox 355 1298 508 1332; x_wconf 83' lang='grc' dir='ltr'><strong><em>πολλάκι</em></strong></span> <span class='ocrx_word' id='word_1_108' title='bbox 531 1298 600 1341; x_wconf 73' lang='grc' dir='ltr'><strong><em>γὰρ</em></strong></span> <span class='ocrx_word' id='word_1_109' title='bbox 625 1296 761 1329; x_wconf 76' lang='grc' dir='ltr'><strong><em>δοκέων</em></strong></span> <span class='ocrx_word' id='word_1_110' title='bbox 786 1297 914 1340; x_wconf 81' lang='grc' dir='ltr'><strong><em>θήσειν</em></strong></span> <span class='ocrx_word' id='word_1_111' title='bbox 941 1295 1072 1333; x_wconf 83' lang='grc' dir='ltr'><strong><em>κακόν,</em></strong></span> <span class='ocrx_word' id='word_1_112' title='bbox 1097 1295 1230 1329; x_wconf 74' lang='grc' dir='ltr'><strong><em>ἐσθλὸν</em></strong></span> <span class='ocrx_word' id='word_1_113' title='bbox 1253 1295 1400 1339; x_wconf 79' lang='grc' dir='ltr'><strong><em>ἔθηκεν.</em></strong></span> 
     </span>
     <span class='ocr_line' id='line_1_15' title="bbox 205 1353 1372 1397; baseline -0.003 -8"><span class='ocrx_word' id='word_1_114' title='bbox 205 1366 254 1391; x_wconf 80' lang='lat' dir='ltr'>vs.</span> <span class='ocrx_word' id='word_1_115' title='bbox 276 1355 340 1389; x_wconf 78' lang='lat'>2⁷9</span> <span class='ocrx_word' id='word_1_116' title='bbox 366 1357 463 1394; x_wconf 78' lang='grc' dir='ltr'><strong><em>εἰκὸς</em></strong></span> <span class='ocrx_word' id='word_1_117' title='bbox 485 1356 549 1388; x_wconf 85' lang='grc' dir='ltr'>τὸν</span> <span class='ocrx_word' id='word_1_118' title='bbox 575 1355 684 1388; x_wconf 86' lang='grc' dir='ltr'><strong><em>κακὸν</em></strong></span> <span class='ocrx_word' id='word_1_119' title='bbox 707 1353 826 1397; x_wconf 74' lang='grc' dir='ltr'><strong><em>ἄνδρα</em></strong></span> <span class='ocrx_word' id='word_1_120' title='bbox 848 1353 957 1392; x_wconf 84' lang='grc' dir='ltr'><strong><em>κακῶς</em></strong></span> <span class='ocrx_word' id='word_1_121' title='bbox 980 1354 1027 1386; x_wconf 82' lang='grc' dir='ltr'>τὰ</span> <span class='ocrx_word' id='word_1_122' title='bbox 1052 1353 1179 1386; x_wconf 81' lang='grc' dir='ltr'><strong><em>δίκαια</em></strong></span> <span class='ocrx_word' id='word_1_123' title='bbox 1201 1355 1372 1397; x_wconf 74' lang='grc' dir='ltr'><strong><em>νομίζειν·</em></strong></span> 
     </span>
     <span class='ocr_line' id='line_1_16' title="bbox 150 1409 1645 1455; baseline -0.003 -8"><span class='ocrx_word' id='word_1_124' title='bbox 150 1413 328 1455; x_wconf 83' lang='lat' dir='ltr'>Corrigatnr</span> <span class='ocrx_word' id='word_1_125' title='bbox 361 1414 456 1452; x_wconf 77' lang='grc' dir='ltr'><strong><em>εἰκός</em></strong></span> <span class='ocrx_word' id='word_1_126' title='bbox 490 1426 569 1454; x_wconf 79' lang='grc' dir='ltr'><strong><em>τοι,</em></strong></span> <span class='ocrx_word' id='word_1_127' title='bbox 605 1418 640 1445; x_wconf 89' lang='lat' dir='ltr'>ut</span> <span class='ocrx_word' id='word_1_128' title='bbox 673 1412 804 1445; x_wconf 87' lang='lat' dir='ltr'>coniecit</span> <span class='ocrx_word' id='word_1_129' title='bbox 833 1411 929 1453; x_wconf 83' lang='lat' dir='ltr'>Bergk</span> <span class='ocrx_word' id='word_1_130' title='bbox 947 1415 978 1444; x_wconf 87' lang='lat' dir='ltr'>et</span> <span class='ocrx_word' id='word_1_131' title='bbox 1002 1411 1080 1446; x_wconf 70' lang='grc' dir='ltr'>Μαι.</span> <span class='ocrx_word' id='word_1_132' title='bbox 1101 1412 1233 1444; x_wconf 83' lang='lat' dir='ltr'>correxit</span> <span class='ocrx_word' id='word_1_133' title='bbox 1247 1435 1255 1449; x_wconf 90' lang='lat'>.</span> <span class='ocrx_word' id='word_1_134' title='bbox 1279 1420 1347 1444; x_wconf 89' lang='lat' dir='ltr'>nam</span> <span class='ocrx_word' id='word_1_135' title='bbox 1368 1411 1433 1444; x_wconf 83' lang='grc' dir='ltr'>τὸν</span> <span class='ocrx_word' id='word_1_136' title='bbox 1455 1409 1590 1443; x_wconf 80' lang='lat' dir='ltr'>abundat</span> <span class='ocrx_word' id='word_1_137' title='bbox 1613 1415 1645 1443; x_wconf 87' lang='lat' dir='ltr'>et</span> 
     </span>
     <span class='ocr_line' id='line_1_17' title="bbox 150 1470 830 1514; baseline -0.004 -9"><span class='ocrx_word' id='word_1_138' title='bbox 150 1472 224 1505; x_wconf 86' lang='lat' dir='ltr'>haec</span> <span class='ocrx_word' id='word_1_139' title='bbox 246 1472 335 1505; x_wconf 84' lang='lat' dir='ltr'>sedes</span> <span class='ocrx_word' id='word_1_140' title='bbox 356 1471 525 1514; x_wconf 83' lang='lat' dir='ltr'>particulae</span> <span class='ocrx_word' id='word_1_141' title='bbox 549 1483 604 1503; x_wconf 85' lang='grc' dir='ltr'>τοι</span> <span class='ocrx_word' id='word_1_142' title='bbox 623 1474 671 1503; x_wconf 84' lang='lat' dir='ltr'>est</span> <span class='ocrx_word' id='word_1_143' title='bbox 696 1470 830 1512; x_wconf 87' lang='lat' dir='ltr'>propria.</span> 
     </span>
     <span class='ocr_line' id='line_1_18' title="bbox 206 1526 1204 1573; baseline -0.004 -11"><span class='ocrx_word' id='word_1_144' title='bbox 206 1539 252 1563; x_wconf 86' lang='lat' dir='ltr'>vs.</span> <span class='ocrx_word' id='word_1_145' title='bbox 274 1529 337 1562; x_wconf 82' lang='lat'>385</span> <span class='ocrx_word' id='word_1_146' title='bbox 360 1530 419 1573; x_wconf 70' lang='grc' dir='ltr'>ἥτ’</span> <span class='ocrx_word' id='word_1_147' title='bbox 444 1528 581 1572; x_wconf 82' lang='grc' dir='ltr'><strong><em>ἀνδρῶν</em></strong></span> <span class='ocrx_word' id='word_1_148' title='bbox 606 1529 763 1570; x_wconf 76' lang='grc' dir='ltr'><em>παράγει</em></span> <span class='ocrx_word' id='word_1_149' title='bbox 786 1527 909 1568; x_wconf 80' lang='grc' dir='ltr'><strong><em>θυμὸν</em></strong></span> <span class='ocrx_word' id='word_1_150' title='bbox 932 1526 965 1565; x_wconf 74' lang='grc' dir='ltr'>ἐς</span> <span class='ocrx_word' id='word_1_151' title='bbox 987 1526 1204 1570; x_wconf 81' lang='grc' dir='ltr'><strong><em>ἀμπλακίην·</em></strong></span> 
     </span>
     <span class='ocr_line' id='line_1_19' title="bbox 153 1584 959 1631; baseline -0.005 -11"><span class='ocrx_word' id='word_1_152' title='bbox 153 1587 287 1629; x_wconf 86' lang='lat' dir='ltr'>Legatur</span> <span class='ocrx_word' id='word_1_153' title='bbox 306 1584 368 1631; x_wconf 68' lang='grc' dir='ltr'>ἤτ’</span> <span class='ocrx_word' id='word_1_154' title='bbox 397 1586 549 1629; x_wconf 78' lang='grc' dir='ltr'><strong><em>ἀνδρὸς,</em></strong></span> <span class='ocrx_word' id='word_1_155' title='bbox 573 1594 643 1617; x_wconf 90' lang='lat' dir='ltr'>nam</span> <span class='ocrx_word' id='word_1_156' title='bbox 666 1585 773 1618; x_wconf 88' lang='lat' dir='ltr'>statim</span> <span class='ocrx_word' id='word_1_157' title='bbox 797 1585 959 1626; x_wconf 88' lang='lat' dir='ltr'>sequitur:</span> 
     </span>
     <span class='ocr_line' id='line_1_20' title="bbox 357 1640 1227 1688; baseline -0.005 -12"><span class='ocrx_word' id='word_1_158' title='bbox 357 1644 472 1688; x_wconf 76' lang='grc' dir='ltr'><strong><em>τολμᾷ</em></strong></span> <span class='ocrx_word' id='word_1_159' title='bbox 497 1643 532 1675; x_wconf 77' lang='grc' dir='ltr'>δ’</span> <span class='ocrx_word' id='word_1_160' title='bbox 556 1642 621 1676; x_wconf 80' lang='grc' dir='ltr'>οὐκ</span> <span class='ocrx_word' id='word_1_161' title='bbox 642 1643 778 1675; x_wconf 75' lang='grc' dir='ltr'><strong><em>ἐθέλων</em></strong></span> <span class='ocrx_word' id='word_1_162' title='bbox 802 1641 936 1685; x_wconf 71' lang='grc' dir='ltr'><strong><em>αἴσχεα</em></strong></span> <span class='ocrx_word' id='word_1_163' title='bbox 958 1640 1074 1674; x_wconf 80' lang='grc' dir='ltr'><strong><em>πολλὰ</em></strong></span> <span class='ocrx_word' id='word_1_164' title='bbox 1097 1640 1227 1683; x_wconf 79' lang='grc' dir='ltr'><strong><em>φέρειν.</em></strong></span> 
     </span>
     <span class='ocr_line' id='line_1_21' title="bbox 209 1695 1424 1745; baseline -0.005 -10"><span class='ocrx_word' id='word_1_165' title='bbox 209 1712 256 1736; x_wconf 87' lang='lat' dir='ltr'>vs.</span> <span class='ocrx_word' id='word_1_166' title='bbox 279 1701 341 1735; x_wconf 88' lang='lat'>577</span> <span class='ocrx_word' id='word_1_167' title='bbox 367 1701 493 1745; x_wconf 80' lang='grc' dir='ltr'><strong><em>ῥῄδιον</em></strong></span> <span class='ocrx_word' id='word_1_168' title='bbox 516 1701 550 1738; x_wconf 70' lang='grc' dir='ltr'>ἐξ</span> <span class='ocrx_word' id='word_1_169' title='bbox 576 1698 728 1742; x_wconf 77' lang='grc' dir='ltr'>ἀγαθοῦ</span> <span class='ocrx_word' id='word_1_170' title='bbox 754 1701 881 1732; x_wconf 79' lang='grc' dir='ltr'><strong><em>θεῖναι</em></strong></span> <span class='ocrx_word' id='word_1_171' title='bbox 906 1700 1016 1732; x_wconf 83' lang='grc' dir='ltr'><strong><em>κακὸν</em></strong></span> <span class='ocrx_word' id='word_1_172' title='bbox 1037 1700 1060 1742; x_wconf 76' lang='grc' dir='ltr'><strong><em>ἢ</em></strong></span> <span class='ocrx_word' id='word_1_173' title='bbox 1083 1697 1116 1730; x_wconf 82' lang='grc' dir='ltr'><strong><em>’κ</em></strong></span> <span class='ocrx_word' id='word_1_174' title='bbox 1141 1698 1251 1730; x_wconf 82' lang='grc' dir='ltr'><strong><em>κακοῦ</em></strong></span> <span class='ocrx_word' id='word_1_175' title='bbox 1278 1695 1424 1730; x_wconf 77' lang='grc' dir='ltr'><strong><em>ἐσθλόν.</em></strong></span> 
     </span>
     <span class='ocr_line' id='line_1_22' title="bbox 156 1757 837 1802; baseline -0.004 -9"><span class='ocrx_word' id='word_1_176' title='bbox 156 1759 253 1793; x_wconf 86' lang='lat' dir='ltr'>Immo</span> <span class='ocrx_word' id='word_1_177' title='bbox 275 1759 450 1802; x_wconf 87' lang='lat' dir='ltr'>postulatur</span> <span class='ocrx_word' id='word_1_178' title='bbox 474 1758 701 1800; x_wconf 77' lang='lat' dir='ltr'>comparativus</span> <span class='ocrx_word' id='word_1_179' title='bbox 723 1757 837 1800; x_wconf 73' lang='grc' dir='ltr'><strong><em>ῥήϊον.</em></strong></span> 
     </span>
     <span class='ocr_line' id='line_1_23' title="bbox 210 1806 1280 1858; baseline -0.006 -7"><span class='ocrx_word' id='word_1_180' title='bbox 210 1827 255 1851; x_wconf 80' lang='lat' dir='ltr'>vs.</span> <span class='ocrx_word' id='word_1_181' title='bbox 279 1817 342 1851; x_wconf 80' lang='lat'>965</span> <span class='ocrx_word' id='word_1_182' title='bbox 364 1816 490 1849; x_wconf 81' lang='grc' dir='ltr'><strong><em>πολλοί</em></strong></span> <span class='ocrx_word' id='word_1_183' title='bbox 516 1828 573 1848; x_wconf 84' lang='grc' dir='ltr'>τοι</span> <span class='ocrx_word' id='word_1_184' title='bbox 598 1816 779 1858; x_wconf 79' lang='grc' dir='ltr'><strong><em>κίβδηλον</em></strong></span> <span class='ocrx_word' id='word_1_185' title='bbox 803 1814 995 1847; x_wconf 76' lang='grc' dir='ltr'><strong><em>ἐπίκλοπον</em></strong></span> <span class='ocrx_word' id='word_1_186' title='bbox 1019 1806 1112 1857; x_wconf 71' lang='grc' dir='ltr'><strong><em>ἦθος</em></strong></span> <span class='ocrx_word' id='word_1_187' title='bbox 1135 1812 1280 1856; x_wconf 79' lang='grc' dir='ltr'><strong><em>ἔχοντες</em></strong></span> 
     </span>
     <span class='ocr_line' id='line_1_24' title="bbox 407 1870 1185 1917; baseline -0.005 -11"><span class='ocrx_word' id='word_1_188' title='bbox 407 1871 600 1917; x_wconf 78' lang='grc' dir='ltr'><strong><em>κρὺπτουσ’</em></strong></span> <span class='ocrx_word' id='word_1_189' title='bbox 629 1873 814 1912; x_wconf 73' lang='grc' dir='ltr'><strong><em>ἐνθέμενοι</em></strong></span> <span class='ocrx_word' id='word_1_190' title='bbox 839 1873 960 1912; x_wconf 84' lang='grc' dir='ltr'><strong><em>θυμὸν</em></strong></span> <span class='ocrx_word' id='word_1_191' title='bbox 983 1870 1185 1914; x_wconf 73' lang='grc' dir='ltr'><strong><em>ἐφημέριον.</em></strong></span> 
     </span>
     <span class='ocr_line' id='line_1_25' title="bbox 156 1923 1642 1969; baseline -0.005 -6"><span class='ocrx_word' id='word_1_192' title='bbox 156 1930 232 1969; x_wconf 84' lang='lat' dir='ltr'>Quia</span> <span class='ocrx_word' id='word_1_193' title='bbox 265 1940 325 1964; x_wconf 89' lang='lat' dir='ltr'>non</span> <span class='ocrx_word' id='word_1_194' title='bbox 359 1931 604 1968; x_wconf 72' lang='grc' dir='ltr'><strong><em>ἐντίθεσθαι,</em></strong></span> <span class='ocrx_word' id='word_1_195' title='bbox 637 1930 691 1962; x_wconf 89' lang='lat' dir='ltr'>sed</span> <span class='ocrx_word' id='word_1_196' title='bbox 726 1931 910 1964; x_wconf 77' lang='grc' dir='ltr'><strong><em>τίθεσθαι</em></strong></span> <span class='ocrx_word' id='word_1_197' title='bbox 948 1928 1068 1969; x_wconf 74' lang='grc' dir='ltr'><strong><em>θυμόν</em></strong></span> <span class='ocrx_word' id='word_1_198' title='bbox 1101 1927 1237 1964; x_wconf 86' lang='lat' dir='ltr'>dicitur,</span> <span class='ocrx_word' id='word_1_199' title='bbox 1271 1926 1435 1959; x_wconf 81' lang='lat' dir='ltr'>dirimatur</span> <span class='ocrx_word' id='word_1_200' title='bbox 1465 1923 1642 1969; x_wconf 75' lang='grc' dir='ltr'><strong><em>κρύπτου·</em></strong></span> 
     </span>
     <span class='ocr_line' id='line_1_26' title="bbox 157 1989 398 2030; baseline -0.004 -8"><span class='ocrx_word' id='word_1_201' title='bbox 157 1999 211 2022; x_wconf 87' lang='grc' dir='ltr'>σιν</span> <span class='ocrx_word' id='word_1_202' title='bbox 234 1989 398 2030; x_wconf 76' lang='grc' dir='ltr'><strong><em>θέμενοι.</em></strong></span> 
     </span>
     <span class='ocr_line' id='line_1_27' title="bbox 188 2041 1418 2091; baseline -0.006 -11"><span class='ocrx_word' id='word_1_203' title='bbox 188 2057 234 2080; x_wconf 82' lang='lat' dir='ltr'>vs.</span> <span class='ocrx_word' id='word_1_204' title='bbox 259 2046 342 2080; x_wconf 79' lang='grc'><strong>1157</strong></span> <span class='ocrx_word' id='word_1_205' title='bbox 365 2045 480 2091; x_wconf 78' lang='grc' dir='ltr'><strong><em>ᾤχετο</em></strong></span> <span class='ocrx_word' id='word_1_206' title='bbox 503 2044 568 2087; x_wconf 75' lang='grc' dir='ltr'>μὲν</span> <span class='ocrx_word' id='word_1_207' title='bbox 591 2045 723 2084; x_wconf 62' lang='lat' dir='ltr'>Hieme</span> <span class='ocrx_word' id='word_1_208' title='bbox 738 2068 748 2083; x_wconf 87' lang='lat'><strong>,</strong></span> <span class='ocrx_word' id='word_1_209' title='bbox 770 2044 911 2087; x_wconf 78' lang='grc' dir='ltr'><strong><em>μεγάλη</em></strong></span> <span class='ocrx_word' id='word_1_210' title='bbox 935 2043 1047 2086; x_wconf 81' lang='grc' dir='ltr'><strong><em>θεός,</em></strong></span> <span class='ocrx_word' id='word_1_211' title='bbox 1073 2042 1188 2087; x_wconf 75' lang='grc' dir='ltr'><strong><em>ᾤχετο</em></strong></span> <span class='ocrx_word' id='word_1_212' title='bbox 1213 2041 1249 2075; x_wconf 79' lang='grc' dir='ltr'>δ’</span> <span class='ocrx_word' id='word_1_213' title='bbox 1276 2041 1418 2086; x_wconf 71' lang='grc' dir='ltr'><strong><em>ἀνδρῶν</em></strong></span> 
     </span>
     <span class='ocr_line' id='line_1_28' title="bbox 407 2092 1314 2148; baseline -0.006 -11"><span class='ocrx_word' id='word_1_214' title='bbox 407 2102 627 2148; x_wconf 74' lang='grc' dir='ltr'><strong><em>Σωφροσύνη</em></strong></span> <span class='ocrx_word' id='word_1_215' title='bbox 652 2103 813 2147; x_wconf 73' lang='grc' dir='ltr'><strong><em>Χάριτές</em></strong></span> <span class='ocrx_word' id='word_1_216' title='bbox 837 2105 890 2144; x_wconf 74' lang='grc' dir='ltr'>τ’,</span> <span class='ocrx_word' id='word_1_217' title='bbox 915 2092 940 2134; x_wconf 60' lang='grc' dir='ltr'><strong><em>οἷ</em></strong></span> <span class='ocrx_word' id='word_1_218' title='bbox 964 2102 1069 2141; x_wconf 87' lang='grc' dir='ltr'><strong><em>φίλε,</em></strong></span> <span class='ocrx_word' id='word_1_219' title='bbox 1091 2105 1159 2144; x_wconf 78' lang='grc' dir='ltr'>γῆν</span> <span class='ocrx_word' id='word_1_220' title='bbox 1180 2099 1314 2133; x_wconf 74' lang='grc' dir='ltr'><strong><em>ἔλιπον·</em></strong></span> 
     </span>
     <span class='ocr_line' id='line_1_29' title="bbox 344 2158 1282 2205; baseline -0.005 -11"><span class='ocrx_word' id='word_1_221' title='bbox 344 2160 442 2205; x_wconf 83' lang='grc' dir='ltr'><strong><em>ὅρκοι</em></strong></span> <span class='ocrx_word' id='word_1_222' title='bbox 465 2159 500 2193; x_wconf 72' lang='grc' dir='ltr'>δ’</span> <span class='ocrx_word' id='word_1_223' title='bbox 528 2162 651 2194; x_wconf 73' lang='grc' dir='ltr'><strong><em>οὐκέτι</em></strong></span> <span class='ocrx_word' id='word_1_224' title='bbox 673 2161 796 2193; x_wconf 76' lang='grc' dir='ltr'><strong><em>πιστοὶ</em></strong></span> <span class='ocrx_word' id='word_1_225' title='bbox 821 2161 857 2192; x_wconf 76' lang='grc' dir='ltr'>ἐν</span> <span class='ocrx_word' id='word_1_226' title='bbox 882 2159 1102 2203; x_wconf 79' lang='grc' dir='ltr'><strong><em>ἀνθρώποισι</em></strong></span> <span class='ocrx_word' id='word_1_227' title='bbox 1126 2158 1282 2199; x_wconf 83' lang='grc' dir='ltr'><strong><em>δίκαιοι,</em></strong></span> 
     </span>
     <span class='ocr_line' id='line_1_30' title="bbox 408 2216 1176 2262; baseline -0.004 -11"><span class='ocrx_word' id='word_1_228' title='bbox 408 2217 495 2252; x_wconf 58' lang='lat' dir='ltr'>obest</span> <span class='ocrx_word' id='word_1_229' title='bbox 518 2218 631 2256; x_wconf 79' lang='grc' dir='ltr'><strong><em>θεοὺς</em></strong></span> <span class='ocrx_word' id='word_1_230' title='bbox 655 2218 779 2256; x_wconf 82' lang='grc' dir='ltr'><strong><em>οὐδεὶς</em></strong></span> <span class='ocrx_word' id='word_1_231' title='bbox 803 2218 933 2262; x_wconf 76' lang='grc' dir='ltr'><strong><em>ἅζεται</em></strong></span> <span class='ocrx_word' id='word_1_232' title='bbox 957 2216 1176 2254; x_wconf 80' lang='grc' dir='ltr'><strong><em>ἀθανάτους.</em></strong></span> 
     </span>
     <span class='ocr_line' id='line_1_31' title="bbox 164 2269 1648 2316; baseline -0.003 -7"><span class='ocrx_word' id='word_1_233' title='bbox 164 2276 314 2309; x_wconf 85' lang='lat' dir='ltr'>vitiosum</span> <span class='ocrx_word' id='word_1_234' title='bbox 350 2281 400 2309; x_wconf 89' lang='lat' dir='ltr'>est</span> <span class='ocrx_word' id='word_1_235' title='bbox 434 2276 579 2309; x_wconf 80' lang='grc' dir='ltr'><strong><em>δίκαιοι.</em></strong></span> <span class='ocrx_word' id='word_1_236' title='bbox 614 2275 728 2308; x_wconf 88' lang='lat' dir='ltr'>Memor</span> <span class='ocrx_word' id='word_1_237' title='bbox 758 2284 866 2308; x_wconf 87' lang='lat' dir='ltr'>eorum</span> <span class='ocrx_word' id='word_1_238' title='bbox 891 2284 967 2316; x_wconf 88' lang='lat' dir='ltr'>quae</span> <span class='ocrx_word' id='word_1_239' title='bbox 989 2274 1113 2315; x_wconf 82' lang='lat' dir='ltr'>scripsit</span> <span class='ocrx_word' id='word_1_240' title='bbox 1136 2272 1230 2305; x_wconf 87' lang='lat' dir='ltr'>Cobet</span> <span class='ocrx_word' id='word_1_241' title='bbox 1254 2271 1292 2304; x_wconf 87' lang='lat' dir='ltr'>N.</span> <span class='ocrx_word' id='word_1_242' title='bbox 1316 2270 1350 2303; x_wconf 89' lang='lat' dir='ltr'>L.</span> <span class='ocrx_word' id='word_1_243' title='bbox 1374 2280 1406 2312; x_wconf 92' lang='lat' dir='ltr'>p.</span> <span class='ocrx_word' id='word_1_244' title='bbox 1430 2269 1513 2308; x_wconf 78' lang='lat'><strong>527,</strong></span> <span class='ocrx_word' id='word_1_245' title='bbox 1535 2270 1648 2305; x_wconf 84' lang='lat' dir='ltr'>suadeo</span> 
     </span>
     <span class='ocr_line' id='line_1_32' title="bbox 163 2333 510 2375; baseline 0.006 -9"><span class='ocrx_word' id='word_1_246' title='bbox 163 2339 197 2366; x_wconf 85' lang='lat' dir='ltr'>ut</span> <span class='ocrx_word' id='word_1_247' title='bbox 222 2333 342 2374; x_wconf 86' lang='lat' dir='ltr'>legatur</span> <span class='ocrx_word' id='word_1_248' title='bbox 365 2335 510 2375; x_wconf 76' lang='grc' dir='ltr'><strong><em>βιαίοις.</em></strong></span> 
     </span>
     <span class='ocr_line' id='line_1_33' title="bbox 194 2386 1415 2431; baseline -0.005 -7"><span class='ocrx_word' id='word_1_249' title='bbox 194 2401 240 2426; x_wconf 84' lang='lat' dir='ltr'>vs.</span> <span class='ocrx_word' id='word_1_250' title='bbox 263 2391 347 2424; x_wconf 75' lang='grc'><strong>1249</strong></span> <span class='ocrx_word' id='word_1_251' title='bbox 371 2391 474 2428; x_wconf 79' lang='grc' dir='ltr'>Παῖ,</span> <span class='ocrx_word' id='word_1_252' title='bbox 496 2391 538 2423; x_wconf 79' lang='grc' dir='ltr'><strong><em>σὺ</em></strong></span> <span class='ocrx_word' id='word_1_253' title='bbox 564 2390 626 2431; x_wconf 79' lang='grc' dir='ltr'>μὲν</span> <span class='ocrx_word' id='word_1_254' title='bbox 652 2390 766 2428; x_wconf 81' lang='grc' dir='ltr'><strong><em>αὕτως</em></strong></span> <span class='ocrx_word' id='word_1_255' title='bbox 791 2386 917 2428; x_wconf 75' lang='grc' dir='ltr'><strong><em>ἵππος,</em></strong></span> <span class='ocrx_word' id='word_1_256' title='bbox 942 2388 1023 2422; x_wconf 69' lang='grc' dir='ltr'>ἐπεὶ</span> <span class='ocrx_word' id='word_1_257' title='bbox 1047 2387 1177 2430; x_wconf 85' lang='grc' dir='ltr'><strong><em>κριθῶν</em></strong></span> <span class='ocrx_word' id='word_1_258' title='bbox 1202 2386 1415 2430; x_wconf 78' lang='grc' dir='ltr'><strong><em>ἓκορέσθης,</em></strong></span> 
     </span>
     <span class='ocr_line' id='line_1_34' title="bbox 381 2440 1203 2493; baseline -0.006 -11"><span class='ocrx_word' id='word_1_259' title='bbox 381 2480 388 2493; x_wconf 67' lang='grc'>.,</span> <span class='ocrx_word' id='word_1_260' title='bbox 409 2440 518 2487; x_wconf 65' lang='grc' dir='ltr'><strong><em>αὖθις</em></strong></span> <span class='ocrx_word' id='word_1_261' title='bbox 541 2449 600 2481; x_wconf 80' lang='grc' dir='ltr'>ἐπὶ</span> <span class='ocrx_word' id='word_1_262' title='bbox 625 2448 815 2488; x_wconf 79' lang='grc' dir='ltr'><strong><em>σταθμοὺς</em></strong></span> <span class='ocrx_word' id='word_1_263' title='bbox 838 2447 978 2490; x_wconf 77' lang='grc' dir='ltr'><strong><em>ἤλυθες</em></strong></span> <span class='ocrx_word' id='word_1_264' title='bbox 999 2446 1203 2488; x_wconf 66' lang='grc' dir='ltr'><strong><em>ἡμετέροικ.</em></strong></span> 
     </span>
     <span class='ocr_line' id='line_1_35' title="bbox 165 2500 1651 2553; baseline -0.005 -13"><span class='ocrx_word' id='word_1_265' title='bbox 165 2506 249 2539; x_wconf 83' lang='lat' dir='ltr'>Inter</span> <span class='ocrx_word' id='word_1_266' title='bbox 269 2506 480 2553; x_wconf 84' lang='lat' dir='ltr'>hexametrum</span> <span class='ocrx_word' id='word_1_267' title='bbox 503 2511 534 2539; x_wconf 89' lang='lat' dir='ltr'>et</span> <span class='ocrx_word' id='word_1_268' title='bbox 569 2510 793 2548; x_wconf 85' lang='lat' dir='ltr'>pentametrum</span> <span class='ocrx_word' id='word_1_269' title='bbox 829 2504 925 2544; x_wconf 84' lang='lat' dir='ltr'>Bergk</span> <span class='ocrx_word' id='word_1_270' title='bbox 947 2508 1050 2536; x_wconf 89' lang='lat' dir='ltr'>notam</span> <span class='ocrx_word' id='word_1_271' title='bbox 1073 2503 1195 2535; x_wconf 80' lang='lat' dir='ltr'>lacunae</span> <span class='ocrx_word' id='word_1_272' title='bbox 1218 2501 1333 2543; x_wconf 87' lang='lat' dir='ltr'>posuit.</span> <span class='ocrx_word' id='word_1_273' title='bbox 1358 2500 1434 2534; x_wconf 73' lang='grc' dir='ltr'><strong><em>Μαι.</em></strong></span> <span class='ocrx_word' id='word_1_274' title='bbox 1459 2510 1513 2543; x_wconf 83' lang='lat' dir='ltr'>pro</span> <span class='ocrx_word' id='word_1_275' title='bbox 1537 2500 1651 2539; x_wconf 77' lang='grc' dir='ltr'><strong><em>αὕτως</em></strong></span> 
     </span>
     <span class='ocr_line' id='line_1_36' title="bbox 164 2557 1651 2604; baseline -0.005 -7"><span class='ocrx_word' id='word_1_276' title='bbox 164 2564 288 2597; x_wconf 85' lang='lat' dir='ltr'>exhibet</span> <span class='ocrx_word' id='word_1_277' title='bbox 323 2576 449 2603; x_wconf 85' lang='grc' dir='ltr'><strong><em>αυτως.</em></strong></span> <span class='ocrx_word' id='word_1_278' title='bbox 483 2564 551 2596; x_wconf 87' lang='lat' dir='ltr'>Non</span> <span class='ocrx_word' id='word_1_279' title='bbox 589 2568 637 2596; x_wconf 85' lang='lat' dir='ltr'>est</span> <span class='ocrx_word' id='word_1_280' title='bbox 675 2563 792 2595; x_wconf 88' lang='lat' dir='ltr'>lacuna.</span> <span class='ocrx_word' id='word_1_281' title='bbox 827 2561 1031 2604; x_wconf 80' lang='lat' dir='ltr'>eomparatur</span> <span class='ocrx_word' id='word_1_282' title='bbox 1063 2569 1139 2602; x_wconf 89' lang='lat' dir='ltr'>puer</span> <span class='ocrx_word' id='word_1_283' title='bbox 1170 2568 1240 2591; x_wconf 89' lang='lat' dir='ltr'>cum</span> <span class='ocrx_word' id='word_1_284' title='bbox 1274 2567 1362 2600; x_wconf 90' lang='lat' dir='ltr'>equo.</span> <span class='ocrx_word' id='word_1_285' title='bbox 1397 2557 1474 2590; x_wconf 87' lang='lat' dir='ltr'>Pone</span> <span class='ocrx_word' id='word_1_286' title='bbox 1507 2559 1651 2600; x_wconf 88' lang='lat' dir='ltr'>spiritum</span> 
     </span>
     <span class='ocr_line' id='line_1_37' title="bbox 164 2607 1654 2665; baseline -0.004 -10"><span class='ocrx_word' id='word_1_287' title='bbox 164 2632 306 2665; x_wconf 83' lang='lat' dir='ltr'>asperum</span> <span class='ocrx_word' id='word_1_288' title='bbox 340 2623 371 2655; x_wconf 91' lang='lat' dir='ltr'>in</span> <span class='ocrx_word' id='word_1_289' title='bbox 406 2621 538 2655; x_wconf 86' lang='lat' dir='ltr'>secunda</span> <span class='ocrx_word' id='word_1_290' title='bbox 572 2621 687 2662; x_wconf 79' lang='lat' dir='ltr'>syllaba</span> <span class='ocrx_word' id='word_1_291' title='bbox 713 2619 852 2652; x_wconf 87' lang='lat' dir='ltr'>vocabuli</span> <span class='ocrx_word' id='word_1_292' title='bbox 876 2630 987 2657; x_wconf 83' lang='grc' dir='ltr'><strong><em>αυτως</em></strong></span> <span class='ocrx_word' id='word_1_293' title='bbox 1009 2622 1040 2651; x_wconf 88' lang='lat' dir='ltr'>et</span> <span class='ocrx_word' id='word_1_294' title='bbox 1067 2617 1168 2650; x_wconf 85' lang='lat' dir='ltr'>divide</span> <span class='ocrx_word' id='word_1_295' title='bbox 1192 2607 1281 2650; x_wconf 72' lang='grc' dir='ltr'>αὖθ’</span> <span class='ocrx_word' id='word_1_296' title='bbox 1311 2614 1366 2654; x_wconf 81' lang='grc' dir='ltr'>ὡς.</span> <span class='ocrx_word' id='word_1_297' title='bbox 1399 2614 1533 2649; x_wconf 85' lang='lat' dir='ltr'>Iteratur</span> <span class='ocrx_word' id='word_1_298' title='bbox 1554 2615 1654 2658; x_wconf 49' lang='lat' dir='ltr'>parti*</span> 
     </span>
     <span class='ocr_line' id='line_1_38' title="bbox 165 2675 1072 2720; baseline -0.004 -7"><span class='ocrx_word' id='word_1_299' title='bbox 165 2680 233 2712; x_wconf 87' lang='lat' dir='ltr'>cula</span> <span class='ocrx_word' id='word_1_300' title='bbox 252 2680 379 2713; x_wconf 89' lang='lat' dir='ltr'>eandem</span> <span class='ocrx_word' id='word_1_301' title='bbox 407 2680 447 2712; x_wconf 93' lang='lat' dir='ltr'>ob</span> <span class='ocrx_word' id='word_1_302' title='bbox 470 2688 593 2712; x_wconf 88' lang='lat' dir='ltr'>causam</span> <span class='ocrx_word' id='word_1_303' title='bbox 616 2678 656 2711; x_wconf 92' lang='lat' dir='ltr'>ob</span> <span class='ocrx_word' id='word_1_304' title='bbox 678 2687 770 2720; x_wconf 87' lang='lat' dir='ltr'>quam</span> <span class='ocrx_word' id='word_1_305' title='bbox 790 2676 834 2710; x_wconf 76' lang='grc' dir='ltr'>ἄν</span> <span class='ocrx_word' id='word_1_306' title='bbox 858 2677 961 2710; x_wconf 83' lang='lat' dir='ltr'>iterari</span> <span class='ocrx_word' id='word_1_307' title='bbox 983 2675 1072 2709; x_wconf 88' lang='lat' dir='ltr'>solet.</span> 
     </span>
     <span class='ocr_line' id='line_1_39' title="bbox 199 2730 1400 2781; baseline -0.004 -12"><span class='ocrx_word' id='word_1_308' title='bbox 199 2737 284 2770; x_wconf 78' lang='lat'><strong>1323</strong></span> <span class='ocrx_word' id='word_1_309' title='bbox 307 2737 542 2781; x_wconf 76' lang='grc' dir='ltr'><strong><em>Κυπρογένη,</em></strong></span> <span class='ocrx_word' id='word_1_310' title='bbox 566 2736 708 2770; x_wconf 80' lang='grc' dir='ltr'><strong><em>παῦσόν</em></strong></span> <span class='ocrx_word' id='word_1_311' title='bbox 732 2748 776 2776; x_wconf 86' lang='grc' dir='ltr'>με</span> <span class='ocrx_word' id='word_1_312' title='bbox 800 2734 939 2776; x_wconf 81' lang='grc' dir='ltr'><strong><em>πόνων,</em></strong></span> <span class='ocrx_word' id='word_1_313' title='bbox 964 2733 1138 2766; x_wconf 80' lang='grc' dir='ltr'><strong><em>σκέδασον</em></strong></span> <span class='ocrx_word' id='word_1_314' title='bbox 1162 2730 1204 2765; x_wconf 80' lang='grc' dir='ltr'>δὲ</span> <span class='ocrx_word' id='word_1_315' title='bbox 1227 2731 1400 2775; x_wconf 78' lang='grc' dir='ltr'><strong><em>μερίμνας</em></strong></span> 
     </span>
     <span class='ocr_line' id='line_1_40' title="bbox 412 2782 1352 2838; baseline -0.006 -10"><span class='ocrx_word' id='word_1_316' title='bbox 412 2794 666 2838; x_wconf 79' lang='grc' dir='ltr'><strong><em>θυμοβόρους,</em></strong></span> <span class='ocrx_word' id='word_1_317' title='bbox 691 2793 843 2838; x_wconf 77' lang='grc' dir='ltr'><strong><em>στρέψον</em></strong></span> <span class='ocrx_word' id='word_1_318' title='bbox 868 2791 904 2825; x_wconf 82' lang='grc' dir='ltr'>δ’</span> <span class='ocrx_word' id='word_1_319' title='bbox 932 2782 1042 2830; x_wconf 62' lang='grc' dir='ltr'><strong><em>αὖθις</em></strong></span> <span class='ocrx_word' id='word_1_320' title='bbox 1064 2790 1097 2829; x_wconf 82' lang='grc' dir='ltr'>ἒς</span> <span class='ocrx_word' id='word_1_321' title='bbox 1121 2789 1352 2834; x_wconf 72' lang='grc' dir='ltr'><strong><em>εὐφροσύνας.</em></strong></span> 
     </span>
     <span class='ocr_line' id='line_1_41' title="bbox 170 2852 594 2896; baseline -0.007 -8"><span class='ocrx_word' id='word_1_322' title='bbox 170 2852 311 2888; x_wconf 76' lang='lat' dir='ltr'>Abundat</span> <span class='ocrx_word' id='word_1_323' title='bbox 336 2862 356 2886; x_wconf 91' lang='grc' dir='ltr'><strong><em>σ</em></strong></span> <span class='ocrx_word' id='word_1_324' title='bbox 377 2853 409 2885; x_wconf 86' lang='lat' dir='ltr'>in</span> <span class='ocrx_word' id='word_1_325' title='bbox 431 2853 594 2896; x_wconf 79' lang='grc' dir='ltr'><strong><em>στρέψον.</em></strong></span> 
     </span>
     <span class='ocr_line' id='line_1_42' title="bbox 198 2905 1250 2953; baseline -0.008 -8"><span class='ocrx_word' id='word_1_326' title='bbox 198 2922 244 2945; x_wconf 82' lang='lat' dir='ltr'>vs.</span> <span class='ocrx_word' id='word_1_327' title='bbox 268 2910 351 2944; x_wconf 75' lang='lat'><strong>1343</strong></span> <span class='ocrx_word' id='word_1_328' title='bbox 374 2910 550 2953; x_wconf 78' lang='grc' dir='ltr'><strong><em>τλήσομαι</em></strong></span> <span class='ocrx_word' id='word_1_329' title='bbox 576 2909 617 2943; x_wconf 80' lang='grc' dir='ltr'><strong><em>οὐ</em></strong></span> <span class='ocrx_word' id='word_1_330' title='bbox 643 2909 781 2952; x_wconf 76' lang='grc' dir='ltr'><strong><em>κρύψας</em></strong></span> <span class='ocrx_word' id='word_1_331' title='bbox 805 2905 974 2941; x_wconf 50' lang='lat' dir='ltr'>dsuetum</span> <span class='ocrx_word' id='word_1_332' title='bbox 995 2905 1112 2939; x_wconf 75' lang='grc' dir='ltr'><strong><em>πολλὰ</em></strong></span> <span class='ocrx_word' id='word_1_333' title='bbox 1129 2905 1250 2947; x_wconf 79' lang='grc' dir='ltr'><strong><em>βίαια·</em></strong></span> 
     </span>
     <span class='ocr_line' id='line_1_43' title="bbox 414 2963 1246 3011; baseline -0.007 -10"><span class='ocrx_word' id='word_1_334' title='bbox 414 2968 456 3001; x_wconf 74' lang='grc' dir='ltr'><strong><em>οὐ</em></strong></span> <span class='ocrx_word' id='word_1_335' title='bbox 481 2969 550 3011; x_wconf 73' lang='grc' dir='ltr'><strong><em>γὰρ</em></strong></span> <span class='ocrx_word' id='word_1_336' title='bbox 569 2967 626 3000; x_wconf 76' lang='grc' dir='ltr'>ἐπ’</span> <span class='ocrx_word' id='word_1_337' title='bbox 649 2966 796 3009; x_wconf 82' lang='grc' dir='ltr'><strong><em>αίκελίῳ</em></strong></span> <span class='ocrx_word' id='word_1_338' title='bbox 816 2964 925 2998; x_wconf 70' lang='grc' dir='ltr'><strong><em>παιδὶ</em></strong></span> <span class='ocrx_word' id='word_1_339' title='bbox 950 2963 1082 3004; x_wconf 79' lang='grc' dir='ltr'><strong><em>δαμεὶς</em></strong></span> <span class='ocrx_word' id='word_1_340' title='bbox 1104 2963 1246 3006; x_wconf 76' lang='grc' dir='ltr'><strong><em>ἐφάνην.</em></strong></span> 
     </span>
     <span class='ocr_line' id='line_1_44' title="bbox 159 3021 1085 3067; baseline -0.005 -8"><span class='ocrx_word' id='word_1_341' title='bbox 159 3026 263 3061; x_wconf 86' lang='lat' dir='ltr'>Deleta</span> <span class='ocrx_word' id='word_1_342' title='bbox 286 3025 413 3059; x_wconf 85' lang='lat' dir='ltr'>molesta</span> <span class='ocrx_word' id='word_1_343' title='bbox 436 3025 657 3067; x_wconf 86' lang='lat' dir='ltr'>praepositione</span> <span class='ocrx_word' id='word_1_344' title='bbox 671 3047 679 3061; x_wconf 89' lang='lat'><em>‚</em></span> <span class='ocrx_word' id='word_1_345' title='bbox 701 3023 885 3056; x_wconf 87' lang='lat' dir='ltr'>restituatur</span> <span class='ocrx_word' id='word_1_346' title='bbox 909 3021 1085 3064; x_wconf 68' lang='grc' dir='ltr'><strong><em>ἀεικελίῳ.</em></strong></span> 
     </span>
    </p>
   </div>
  </div>
 </body>
</html>
