1898 3386
887 245 945 292 35

384 377 502 420 Οὕτω
527 379 581 431 μὴ
613 376 828 431 θαύμαζε,
865 375 1108 431 Σιμωνίδη,
1143 375 1296 420 οὕνεκα
1321 375 1434 430 κάγώ

440 449 640 504 ἐξεμάνην
663 449 700 507 ¹)
732 447 860 490 καλοῦ
894 447 1044 497 παιδὸς
1076 448 1195 504 ἔρωτι
1226 447 1381 504 δαμείς.

174 519 268 565 Noli
311 520 455 566 mirari
501 528 543 567 te
587 521 728 566 denuo
771 519 816 565 in
856 520 969 567 furto
1000 519 1283 580 deprehendi,
1309 534 1407 566 nam
1435 519 1550 567 haud
1580 519 1655 566 oh-

175 606 328 638 scurus
358 599 422 638 est
451 593 572 638 loeus
602 591 886 651 Theognidis:

237 664 364 724 (191)
399 665 520 708 Οὕτω
548 667 603 719 μὴ
634 664 826 720 θαύμαζε
858 664 1004 717 γένος,
1037 664 1314 719 Πολυπαΐδη,
1342 664 1481 708 οἰστῶν

435 740 715 793 μαυροῦσθαι·
749 739 823 780 σύν
855 739 933 793 γὰρ
964 738 1153 792 μίσγεται
1188 737 1321 780 ἐσθλὰ
1351 741 1507 788 κακοῖς.

173 808 322 863 Poeta,
367 809 562 868 quisquis
597 817 688 864 est,
732 809 940 869 praecipit
970 823 1053 868 qua
1086 810 1250 857 ratione
1280 811 1424 856 famuli
1454 817 1496 856 et
1528 807 1655 856 vicini

171 881 379 927 tractandi
409 882 521 927 sint:

231 952 358 1012 (301)
391 955 549 1009 Πικρὸς
579 955 650 995 καὶ
683 952 837 1006 γλυκύς
867 953 959 995 ἴσθι
991 955 1062 996 καὶ
1091 954 1300 1010 ἁρπαλέος
1330 956 1401 997 καὶ
1432 953 1595 1010 ἀπηνής

433 1024 593 1081 λάτρισι
624 1028 695 1067 καὶ
729 1025 884 1080 δμωσὶν
915 1026 1069 1078 γείτοσί
1098 1025 1136 1068 τ’
1165 1027 1424 1084 ἄγχιθϋροις.

173 1095 458 1143 Versifieatori
493 1104 677 1155 quatuor
708 1098 939 1152 adieetiva‚
984 1112 1169 1157 quorum
1201 1099 1300 1144 bina
1333 1105 1434 1145 sunt
1462 1097 1575 1143 inter
1607 1110 1652 1143 se

172 1170 368 1229 opposita
387 1207 397 1223 ,
429 1170 600 1216 utiliora
631 1177 732 1215 sunt
763 1183 891 1227 quam
923 1177 972 1215 ut
1001 1171 1319 1229 praetermittat.
1353 1171 1499 1228 Itaque
1529 1177 1577 1214 tu
1607 1168 1652 1215 in

170 1255 403 1300 puerorum
431 1256 620 1287 amorem
651 1243 909 1301 detorques:

172 1311 328 1372 (1353)
359 1315 518 1368 Πικρός
550 1317 620 1356 καὶ
652 1313 803 1366 γλυκύς
835 1316 919 1356 ἐστι
952 1316 1023 1355 καὶ
1055 1312 1265 1369 ἁρπαλέος
1296 1316 1366 1356 καὶ
1399 1313 1591 1370 ἀπηνής,

430 1388 537 1442 ὄφρα
566 1385 722 1436 τέλειος
753 1386 800 1442 ἔῃ
820 1418 831 1435 ,
867 1390 1029 1442 Κυρνε,
1067 1385 1222 1429 νέοισιν
1257 1386 1371 1442 ἔρως·

373 1461 425 1512 ἤν
458 1460 535 1512 μὲν
566 1460 644 1514 γὰρ
676 1457 819 1515 τελέσῃ
838 1489 850 1510 ,
886 1457 1015 1511 γλυκύ
1047 1459 1249 1510 γίγνεται’
1280 1462 1333 1513 ἤν
1367 1458 1411 1501 δὲ
1442 1456 1606 1502 διώκων

433 1535 487 1586 μὴ
519 1530 682 1587 τελέσῃ,
714 1534 884 1573 πάντων
916 1531 1026 1573 τοῦτ’
1061 1531 1354 1587 ἀνιηρότατον.

170 1602 273 1648 Tam
305 1603 534 1663 morbosus
566 1617 611 1648 es
645 1603 688 1647 in
717 1610 840 1647 tuum
871 1594 1086 1657 amoremg
1119 1609 1169 1648 ut
1198 1617 1250 1649 ne
1278 1602 1447 1649 Plutum
1476 1602 1649 1661 quidem

168 1674 377 1720 intactum
409 1675 636 1732 relinquas.
681 1674 849 1719 Etenim
883 1675 974 1719 laus
1006 1675 1143 1720 Pluti:

167 1745 324 1806 (1117)
354 1745 518 1790 Πλοῦτε
548 1749 661 1789 θεῶν
697 1745 887 1789 κάλλιστε
920 1750 990 1788 καὶ
1022 1746 1279 1803 ἱμεροέστατε
1309 1750 1478 1791 πάντων
1496 1784 1506 1802 ,

424 1820 498 1861 σύν
532 1821 595 1860 σοὶ
627 1821 698 1860 καὶ
730 1820 855 1867 κακὸς
887 1819 945 1861 ὠν
981 1820 1172 1871 γίγνεται
1203 1818 1351 1870 ἐσθλὸς
1375 1819 1494 1875 οἷνήρ·

165 1891 210 1937 in
243 1892 358 1936 hunc
393 1890 570 1936 modum
601 1905 625 1936 a
659 1898 700 1936 te
729 1897 947 1936 mutatur:
1394 1895 1398 1899 ’

193 1961 350 2023 (1365)
385 1952 448 2005 ³52
478 1961 642 2006 παίδων
676 1961 868 2005 κάλλιστε
900 1965 970 2004 καὶ
1004 1962 1260 2019 ἱμεροέστατε
1290 1966 1460 2006 πάντων
1480 1995 1490 2014 ,

423 2034 543 2089 στῆθ’
577 2035 704 2078 αὐτοῦ
736 2036 807 2077 καί
839 2051 919 2089 μου
951 2034 1076 2089 παῦρ’
1109 2037 1339 2078 ἐπάκουσον
1371 2035 1466 2091 ἔπη.

164 2106 238 2152 His
271 2107 428 2153 auditis
460 2107 501 2161 i,
533 2108 645 2153 bone
664 2143 674 2161 ,
707 2120 792 2164 quo
828 2107 962 2151 virtus
990 2114 1062 2152 tua
1088 2114 1130 2153 te
1146 2114 1289 2162 vocat,
1307 2107 1351 2152 in
1367 2107 1520 2152 malam
1534 2119 1638 2153 rem.

164 2178 276 2224 Num
323 2179 419 2236 quis
451 2179 577 2224 etiam
609 2180 730 2238 plura
760 2179 948 2238 postulat
977 2186 1226 2237 argumenta
1256 2193 1383 2237 quam
1414 2185 1458 2224 et
1480 2178 1526 2223 in
1557 2178 1641 2225 hoc

161 2250 298 2309 capite
330 2258 373 2295 et
403 2250 447 2295 in
481 2251 701 2309 superiore
733 2251 854 2304 dedi,
887 2258 935 2295 ut
966 2265 1218 2309 persuasum
1249 2252 1401 2297 habeat
1430 2249 1640 2309 posterio-

161 2336 253 2367 rem
300 2322 531 2381 elegiarum
576 2329 741 2382 partem
776 2329 908 2368 totam
938 2323 1024 2368 fere
1056 2338 1106 2368 ex
1139 2324 1269 2370 altera
1299 2323 1520 2384 pendere?
1552 2322 1639 2370 lam

160 2394 326 2453 legatur
356 2395 439 2440 hoo
471 2395 711 2441 distichon:
1187 2384 1194 2390 ’

192 2466 347 2526 (1177)
379 2467 435 2509 Εἴ
464 2468 502 2509 κ’
532 2468 617 2523 εἴης
647 2468 778 2522 ἔργων
812 2469 993 2523 αἰσχρῶν
1025 2467 1198 2522 ἀπαθὴς
1228 2470 1300 2510 καὶ
1329 2467 1499 2522 οἷεργός,

416 2542 580 2595 Κύρνε,
613 2540 814 2594 μεγίστην
847 2556 918 2582 κεν
950 2543 1099 2594 πεῖραν
1131 2539 1240 2596 ἔχοις
1271 2540 1428 2595 ἀρετῆς.

158 2609 267 2655 Tum
298 2611 538 2656 conferatur
567 2611 649 2657 hoc
683 2625 881 2657 carmen:

188 2681 343 2742 (1305)
376 2683 502 2739 Θυμῷ
533 2686 656 2736 γνούς
676 2714 687 2735 ,
719 2685 784 2726 ὅτι
814 2682 1009 2732 παιδείας
1039 2681 1305 2739 πολυηράτου
1336 2685 1474 2734 ἄνθος

419 2754 625 2810 ὠκύτερον
653 2754 850 2807 σταδίου,
880 2757 1001 2797 τοῦτο
1031 2756 1169 2804 συνεὶς
1198 2753 1380 2811 χάλασον

196 2993 224 3036 ¹)
261 2994 311 3026 Sic
332 2993 444 3033 Orelli:
469 2993 566 3032 Mat..
595 3003 685 3037 quern
714 2996 854 3038 sequitur
883 2996 999 3037 Bergk,
1028 2996 1215 3038 ἔξιδάμην.
