1898 3386
949 280 1004 325 12

234 413 426 459 rensium
457 411 634 456 historia
663 412 769 455 nihil
799 412 903 456 certi
934 412 1136 456 traditum
1165 411 1230 456 sit.
1264 413 1311 456 In
1333 414 1580 458 universum
1597 426 1713 457 com-

237 485 426 544 perimus
475 484 678 528 sactiones
724 483 993 541 optimatium
1041 490 1081 527 et
1114 484 1385 541 popularium
1415 491 1501 528 tam
1530 484 1714 543 pertina-

237 559 343 604 citer
372 563 414 600 et
444 562 531 600 tam
562 555 674 600 varia
705 556 874 600 fortuna
903 556 1014 599 inter
1047 569 1091 600 sc
1130 555 1426 609 contendisse,
1464 563 1513 600 ut
1544 556 1715 613 utrique

238 630 427 676 vicissim
472 627 758 687 principatum
807 627 1069 682 obtinerent3
1118 627 1284 685 singula
1329 628 1438 671 sacta
1481 642 1715 685 eorumque

239 717 388 748 causas
435 702 693 759 ignoramus.
744 700 889 756 ltaque
935 699 986 744 iis
1035 712 1143 755 quae
1185 699 1442 755 Theognidis
1482 700 1590 745 vitae
1624 702 1718 747 illu—

241 775 436 820 strandae
469 773 650 817 fuissent
680 772 802 830 plane
834 786 1039 816 caremus.
1074 771 1289 827 Quidquid
1315 786 1466 817 causae
1482 773 1719 827 suit,tanto

240 848 338 893 odio
385 845 598 903 Theognis
644 844 835 902 flagravit
875 851 923 887 ut
965 858 987 888 e
1017 843 1363 902 possessionibus
1397 845 1646 890 exturbatus
1678 852 1722 891 et

236 920 281 964 in
311 918 507 964 exsilium
538 917 699 962 eiectus
731 916 812 960 sit:

269 990 424 1049 (1197)
458 989 664 1045 ’Ὄρνιθος
691 992 831 1043 φωνην
852 1021 861 1039 ,
892 986 1175 1041 Πολυπαῒδη,
1207 987 1278 1036 ὀξύ
1307 989 1467 1044 βοὼσης

496 1060 665 1116 ἠ’κουσ’,
695 1064 764 1114 ἣτε
794 1063 958 1117 βροτοῖς
986 1058 1163 1112 ἄγγελος
1193 1057 1293 1113 ἦλθ’
1324 1060 1475 1113 οὲρότου

438 1135 611 1190 ὡραίου·
643 1135 714 1175 καί
742 1149 812 1187 μοι
842 1132 1018 1188 κραδίην
1052 1131 1229 1180 ἐπόιταξε
1260 1130 1467 1185 μέλαιναν
1486 1166 1495 1183 ,

496 1208 587 1249 ὄττι
617 1222 686 1261 μρι
718 1205 912 1254 εὐανθεῖς
942 1203 1065 1246 ἄλλοι
1098 1204 1263 1261 ἔχουσιν
1295 1204 1467 1260 ἀγρούς,

444 1279 540 1323 οὐδέ
570 1296 640 1334 μοι
674 1279 838 1334 ἡμίονοι
872 1275 1029 1332 κύφων’
1059 1275 1254 1320 ἕλκουσιν
1289 1277 1482 1332 οέρότρου,

497 1357 569 1406 τῆς
602 1349 919 1408 αΐειμνήστηςῐ)
955 1351 1095 1392 εἵνεκα
1126 1348 1360 1405 ναυτιλίης.

240 1428 299 1473 Cf.
346 1442 406 1471 vs.
460 1422 643 1470 833-6.
687 1425 773 1469 Nec
818 1423 961 1467 invitis
994 1423 1140 1468 amicis
1173 1438 1271 1468 eum
1301 1424 1411 1467 hanc
1443 1421 1722 1467 calamitatem

241 1499 482 1558 accepisse,
515 1496 712 1556 patefacit
746 1496 943 1553 querela:
1543 1488 1546 1490 ’

299 1571 426 1629 (811)
462 1568 603 1625 Χρῆμ’
635 1569 803 1610 ἔπαθον
835 1571 1030 1610 θανάτου
1059 1569 1135 1622 μὲν
1167 1567 1326 1617 οέεικέος
1356 1569 1446 1609 οὔτι
1477 1570 1645 1618 κάκιον,

502 1645 586 1685 τῶν
622 1640 660 1683 δ’
690 1639 831 1682 ἄλλων
864 1644 1034 1682 πάντων
1053 1671 1063 1690 ,
1098 1638 1262 1697 Kzfov',
1293 1640 1587 1695 οἷνιηρότατον·

443 1717 486 1757 οἷ’
512 1732 560 1770 με
592 1711 705 1767 φίλοι
737 1712 1001 1768 προῦδωκαν·
1034 1712 1113 1765 ἐγὼ
1146 1712 1184 1754 δ’
1217 1715 1402 1769 ἐχθροῖσι
1432 1711 1656 1761 πελασθείς

509 1786 654 1840 εἷδησω
685 1787 752 1828 καὶ
785 1789 869 1829 τῶν
900 1783 1036 1828 ὅντιν’
1067 1785 1206 1842 ἔχουσι
1229 1788 1340 1828 νόον.

240 1862 297 1908 Cf.
346 1877 405 1907 vs.
454 1859 638 1906 575—6.
685 1859 905 1904 Praeterea
950 1857 1176 1916 profitetur
1222 1871 1267 1902 se
1315 1871 1337 1901 a
1372 1855 1497 1902 honis
1528 1863 1571 1901 et
1602 1855 1724 1901 malis

240 1934 400 1995 pariter
430 1931 714 1992 reprehendi:

304 2007 430 2066 (367)
465 2005 640 2048 Ἀστῶν
675 2003 713 2046 δ’
745 2003 794 2046 οὐ
827 2002 1010 2057 δυ’ναμαι
1042 2004 1204 2060 γνῶναι
1236 2005 1333 2045 νόον
1364 1999 1499 2045 ὅντιν’
1530 2001 1710 2058 ἔχουσιν·

501 2080 593 2121 οὔτε
626 2080 703 2133 γὰρ
736 2072 781 2119 εὖ
810 2075 943 2132 ἔρδων
975 2074 1147 2118 ἀνδάνω
1172 2075 1264 2117 οὔτε
1297 2076 1449 2123 κακῶς·

445 2155 681 2207 μωμεῦνται
714 2149 758 2192 δέ
789 2166 837 2204 με
871 2147 1052 2201 πολλοί,
1085 2149 1191 2203 ὁμῶς
1223 2150 1344 2189 κακοὶ
1373 2146 1440 2199 ἠδὲ
1468 2148 1540 2188 καὶ
1565 2143 1723 2188 ἐσθλοί·

501 2227 720 2280 μιμεῖσθαι
752 2220 790 2264 δ’
822 2220 957 2270 οὐδεὶς
988 2223 1072 2263 τῶν
1106 2220 1272 2275 οἷσόφων
1305 2219 1500 2262 δύναται.

241 2301 301 2347 Cf.
334 2315 394 2345 vs.
429 2298 513 2353 24;
554 2296 652 2342 287.
699 2296 793 2340 Non
826 2295 965 2339 solum
996 2293 1311 2352 impediverunt
1339 2292 1466 2337 amici
1497 2290 1727 2349 quominus
1792 2334 1796 2340 ,

240 2388 264 2419 e
296 2372 432 2431 patria
462 2368 840 2421 exterminaretur,
879 2367 954 2411 sed
981 2381 1034 2411 ne
1052 2365 1261 2411 exsulanti
1282 2365 1455 2422 quidem
1477 2364 1726 2408 adfuerunt:

304 2444 430 2504 (209)
465 2442 551 2485 Οὐκ
586 2441 699 2484 ἔστιν
734 2443 930 2494 φεύγοντι
962 2437 1080 2493 φίλος
1111 2438 1178 2480 καὶ
1208 2438 1351 2486 πιστὸς
1382 2440 1558 2493 ἑταῖρος·

503 2521 575 2568 τῆς
609 2513 653 2555 δὲ
686 2517 818 2567 φυγῆς
851 2513 961 2554 ἐστὶν
993 2510 1107 2553 τοῦτ’
1134 2510 1426 2565 ἀνιηρότατον.
1532 2511 1534 2513 ’

243 2589 443 2635 Fortunis
489 2587 688 2633 omnihus
740 2585 930 2630 deiectus
970 2583 1156 2628 ludibrio
1196 2583 1248 2627 ab
1281 2581 1493 2634 inimicis,
1526 2580 1647 2626 oneri
1677 2579 1729 2625 ab

243 2661 391 2707 amicis
425 2660 634 2705 habetur:

275 2732 435 2791 (1107)
468 2731 528 2773 ”52
557 2747 627 2786 μοι
662 2730 743 2783 ἐγὼ
776 2727 927 2777 δειλός·
963 2730 1033 2769 καὶ
1067 2727 1116 2780 δὴ
1149 2730 1396 2784 κατάχαρμα
1426 2728 1502 2781 μὲν
1534 2727 1716 2782 ἐχθροῖς,

509 2808 596 2853 τοῖς
629 2803 673 2845 δὲ
706 2801 862 2856 φίλοισι
894 2803 1022 2849 πόνος
1058 2799 1176 2842 δεινὰ
1206 2800 1362 2842 παθὼν
1396 2801 1589 2853 γενόμην.

255 2877 484 2936 Impatiens
516 2875 675 2921 doloris
706 2881 749 2920 et
782 2874 868 2918 irae
902 2873 1043 2918 Iovem
1073 2880 1297 2931 precatur:

295 3030 323 3073 ¹)
364 3030 410 3063 lta
435 3030 551 3063 Welck.
574 3030 697 3071 scripsit
721 3029 759 3062 de
780 3029 977 3067 coniectura;
999 3028 1119 3060 codices
1141 3026 1251 3070 ἄλλης
1275 3030 1439 3070 μνηστῆς.
