1898 3386
959 248 1017 295 30

240 385 323 423 tur.
372 379 407 422 A
452 379 650 424 Turnebo
697 380 835 438 primo
882 381 993 426 eruti
1024 387 1125 426 sunt
1155 395 1179 426 e
1213 379 1328 426 Stoh.
1361 379 1475 434 XCI,
1506 380 1575 427 26.
1622 380 1726 428 Vide

241 465 369 509 quam
400 451 573 509 parodia
605 466 704 496 oum
739 450 919 498 Stobaeo
954 452 1205 498 conveniat:

271 523 427 583 (1267)
458 527 569 573 Παῖς
601 541 643 567 τε
677 527 747 565 καὶ
778 525 906 574 ἵππος
938 527 1081 580 ὁμοῖον
1115 525 1200 582 ἔχει
1231 528 1348 568 νόον·
1379 527 1472 568 οὔτε
1504 528 1581 583 γὰρ
1596 528 1727 578 ἵππος

498 597 669 653 η’νίοχον
706 595 836 639 κλαίει
869 598 1059 651 κείμενον
1093 599 1137 640 ἐν
1169 598 1309 654 κονίῃ,

445 668 554 711 ἀλλὰ
588 671 660 711 τὸν
691 670 861 724 ὕστερον
895 669 1035 725 ἄνδρα
1064 669 1177 726 φέρει
1209 673 1397 726 κριθαῒσι
1428 672 1657 726 κορεσθείς·

496 743 551 791 ὡς
587 741 625 784 δ’
657 742 791 791 αὕτως
822 745 893 784 καὶ
925 745 1024 792 παῖς
1056 744 1129 786 τὸν
1161 746 1373 798 παρεόντα
1403 741 1528 797 φιλεῖ.

236 814 374 859 Etiam
420 815 555 874 magis
606 815 889 874 conspicuum
924 822 989 860 est
1018 815 1239 860 vinculum
1270 814 1585 861 coniunctionis
1615 812 1728 861 inter
1773 867 1778 871 ,

237 902 409 932 carmen
453 887 631 945 eiusque
679 887 924 947 parodiam,
966 889 1040 934 ubi
1075 895 1141 934 est
1171 888 1427 934 mendorum
1466 901 1555 934 non
1585 888 1726 934 solum

235 960 587 1006 illustrandorum
621 961 696 1005 sed
722 960 850 1006 etiam
887 961 1253 1019 corrigendorum.
1289 960 1368 1006 Dat
1403 959 1555 1017 aliquis
1585 960 1725 1006 amieo

236 1032 319 1077 hoe
353 1034 607 1080 eonsilium:

265 1106 420 1166 (1151)
453 1111 632 1160 Μήποτε
664 1107 737 1149 τὸν
769 1109 981 1162 παρεόντα
1010 1106 1150 1159 μεθεὶς
1181 1103 1308 1160 φίλον
1338 1102 1472 1147 ἄλλον
1507 1104 1654 1159 ἐρεύνα
1670 1138 1684 1158 ,

499 1179 649 1222 δειλῶν
675 1179 917 1234 ἀνθρώπων
949 1180 1098 1234 ῥήμασι
1130 1180 1394 1232 πειθόμενος.

235 1251 443 1298 Ultimum
481 1266 662 1298 -versum
710 1266 892 1311 spurcus
943 1251 1074 1297 homo
1119 1251 1319 1296 transfert
1362 1250 1407 1295 in
1453 1262 1625 1295 carmen
1673 1249 1728 1295 ad

233 1339 444 1383 puerum:

266 1397 423 1456 (1259)
457 1387 519 1438 ῒΩ
550 1401 654 1450 παῖ,
688 1399 766 1450 τὴν
797 1400 960 1452 μορφὴν
993 1398 1069 1451 μὲν
1102 1396 1203 1450 ἔφυς
1234 1394 1381 1446 καλός,
1408 1393 1504 1436 ἀλλ’
1519 1394 1727 1436 ἐπίκειται

500 1471 695 1526 καρτερός
714 1502 726 1522 ,
758 1469 965 1524 ἀγνώμων
985 1468 1021 1527 ¹)
1042 1471 1061 1521 ,'
1082 1474 1131 1524 σῇ
1160 1466 1321 1524 κεφαλῇ
1346 1466 1564 1521 στέφανος’

441 1543 604 1585 ἷκτίνου
636 1544 714 1597 γὰρ
746 1541 852 1598 ἔχεις
883 1542 1163 1598 οἷγχιστρόφου
1195 1542 1239 1583 ἐν
1272 1541 1414 1596 φρεσὶν
1445 1536 1576 1593 ἦθος,

498 1613 640 1657 ἄλλων
671 1614 913 1669 ἀνθρώπων
947 1616 1096 1670 ῥήμασι
1127 1614 1392 1667 πειθόμενος.

236 1688 386 1733 Nonne
431 1687 705 1732 manifestum
753 1693 840 1739 est,
892 1686 936 1730 in
981 1685 1157 1745 parodia
1203 1698 1399 1743 quoque,
1433 1682 1600 1729 etiamsi
1631 1696 1728 1729 sen-

236 1761 366 1806 tentia
415 1774 502 1805 non
547 1759 810 1818 postularet,
857 1765 1002 1803 tamen
1032 1764 1208 1817 propter
1242 1757 1403 1803 serium
1434 1755 1696 1815 poematium
1713 1791 1725 1810 ‚

236 1840 410 1878 auctore
441 1832 658 1885 Bekkero‚
693 1831 923 1890 legendum
957 1845 1051 1876 esse
1083 1829 1234 1873 δειλῶν
1255 1829 1532 1885 ἀνθρώπωνῖ

235 1905 342 1951 Sunt
375 1906 461 1950 duo
492 1918 642 1949 versus
674 1903 748 1960 qui
778 1903 937 1948 criticis
967 1903 1153 1948 multum
1183 1902 1343 1961 negotii
1363 1900 1694 1948 facessiverunt:

263 1978 419 2038 (1257)
452 1967 514 2019 ἵΩ
544 1981 646 2025 παῖ,
689 1977 881 2019 ῖκτίνοισι
902 1975 942 2034 2)
972 1974 1360 2028 πολυπλάγκτοισιν
1385 1976 1522 2029 ὁμοῖος

421 2085 432 2102 ,
499 2051 626 2106 ὀργήν
646 2084 658 2103 ,
690 2048 842 2091 ἄλλοτε
873 2053 984 2097 τοῖς,
1017 2046 1169 2091 ἄλλοτε
1200 2051 1306 2091 τοῖσι
1337 2045 1508 2102 φιλεῖν·

236 2125 431 2183 Longum
477 2130 543 2168 est
591 2135 842 2168 enumerare
882 2120 1142 2166 mutationes
1183 2133 1289 2178 quas
1320 2119 1399 2165 viri
1433 2118 1548 2164 docti
1579 2131 1724 2164 suase-

235 2204 349 2242 runt.
399 2195 752 2242 Coniecturarum
794 2207 940 2238 amans
973 2192 1293 2238 annotationem
1322 2190 1491 2250 Bergkii
1520 2190 1573 2235 ad
1606 2190 1724 2235 hune

234 2271 379 2315 locum
427 2267 636 2327 inspiciat.
698 2266 854 2311 Omnes
902 2266 1093 2311 sentiunt
1141 2265 1294 2310 vitium
1337 2265 1468 2309 latere
1507 2263 1552 2307 in
1581 2261 1722 2307 verbis

234 2346 340 2384 τοῖσι
386 2339 537 2395 φιλεῖν.
585 2339 739 2384 Procul
784 2337 915 2384 dubio
960 2338 1210 2384 iamdudum
1240 2336 1392 2382 vitium
1424 2334 1721 2389 sustulissent,

235 2414 271 2459 si
302 2413 563 2472 cogitassent
594 2412 677 2457 hoe
712 2423 912 2457 carmen:

276 2612 304 2653 1)
345 2611 379 2643 In
420 2611 478 2643 hoc
512 2609 658 2642 vocabulo
691 2608 808 2649 aliquid
842 2608 968 2640 humani
1004 2606 1117 2639 accidit
1151 2606 1289 2647 Bergkio.
1325 2605 1406 2639 Dicit
1428 2607 1509 2638 enim
1529 2605 1609 2638 haud
1634 2605 1726 2638 dubie

234 2673 414 2712 corruptum
438 2678 505 2701 esse
525 2672 556 2700 et
580 2667 704 2700 coniicit
734 2667 902 2707 ἅμμωνῶν
927 2666 949 2697 i.
971 2675 1000 2697 e.
1024 2665 1213 2705 ἀνεμωνῶν
1227 2687 1235 2700 ,
1268 2664 1425 2696 conserens
1443 2663 1630 2706 Hesychium
1653 2663 1674 2697 i.
1697 2672 1730 2697 V.

159 2719 166 2727 ’
232 2727 406 2768 Αμώνας.
439 2726 539 2764 Quum
563 2725 742 2767 plerumque
776 2723 1059 2765 interpretationem
1085 2721 1263 2764 praecedere
1287 2720 1395 2753 debeat
1423 2721 1583 2754 emendata
1616 2720 1729 2758 lectio,

232 2791 334 2818 tamen
369 2792 586 2826 nonnunquam
623 2782 836 2824 interpretatio
874 2780 1034 2822 praecedat
1064 2779 1307 2815 emendationem
1333 2789 1456 2812 necesse
1479 2784 1538 2812 est.
1573 2779 1639 2812 Hoc
1660 2780 1726 2812 loco

231 2843 308 2875 nihil
326 2847 376 2875 est
402 2841 584 2873 mutandum
599 2864 606 2876 ,
629 2839 878 2882 quandoquidem
902 2837 1069 2879 ἀγνώμων
1091 2842 1140 2870 est
1162 2838 1326 2870 vocativus.
1362 2836 1425 2869 Cur
1455 2847 1532 2879 puer
1553 2837 1724 2880 appelletur

231 2899 398 2943 ἀγνώμων
414 2925 422 2938 ,
444 2900 545 2941 ipsum
569 2907 690 2930 carmen
710 2898 864 2939 explanat„

276 2957 306 3001 2)
345 2958 422 2990 Mut.
456 2957 651 2989 κινδύνοισι
659 2967 675 2994 ,·
709 2955 884 2988 emendavit
909 2953 1061 2986 Welcker.
1084 2953 1131 2986 Cf.
1155 2962 1199 2986 vs.
1218 2952 1300 2986 ¹261
1327 2958 1358 2986 et
1383 2953 1479 2987 1302.
1518 2952 1605 2988 Edit.
1627 2952 1721 2993 Berg-

231 3017 320 3049 kiana
340 3015 439 3048 codici
461 3015 665 3056 obtemperat.
