1898 3386
1000 262 1056 309 46

402 404 462 435 vs.
498 389 785 436 4095—4096
818 392 862 436 in
895 392 1121 438 duodecim
1152 400 1250 451 post
1280 408 1340 439 vs.
1373 394 1498 440 1160.

400 476 461 506 vs.
493 462 781 509 ssot-1102
814 463 858 508 in
891 464 925 508 A
955 471 1054 523 post
1080 478 1140 510 vs.
1175 462 1300 511 1278,

318 563 323 567 -
400 547 460 578 vs.
494 534 781 581 ‘1107—-4108
813 535 857 580 in
890 536 924 580 A
959 543 1057 595 post
1086 549 1149 581 vs.
1182 535 1308 582 1311.

399 619 458 650 vs.
492 606 781 652 4151—1152
815 608 859 652 in
889 609 924 652 A
953 615 1052 667 post
1083 623 1143 653 vs.
1171 607 1298 654 1238.

281 676 375 721 Huc
394 678 558 722 accedit
591 679 707 737 quod
737 678 781 723 in
807 679 1017 739 principio
1053 681 1208 739 duplex
1239 688 1304 726 est
1334 681 1546 727 invocatio
1563 682 1768 736 deorum,

283 762 368 793 una
418 749 623 808 Apollinis
671 765 720 796 ao
768 751 923 797 Dianae
941 789 951 806 ‚
1002 753 1131 798 altera
1174 752 1388 798 Musarum
1429 753 1766 812 Gratiarumque.

280 820 427 879 Neque
459 822 563 868 illud
592 824 1018 882 praetermittendum
1051 831 1141 878 est,
1176 824 1246 869 hie
1275 825 1359 870 illie
1389 825 1510 871 binas
1537 825 1768 872 sententias
1820 870 1830 875 -

281 906 504 952 apparere,
548 909 657 953 quae
697 896 802 942 locis
844 904 1060 955 separatae
1103 897 1209 942 adeo
1255 897 1367 942 inter
1404 912 1451 943 se
1480 907 1696 944 connexae
1725 905 1768 944 et

281 973 402 1025 aptae
447 967 533 1013 sint
573 975 622 1012 ut
664 967 757 1014 fieri
797 983 885 1014 non
926 969 1063 1028 possit
1108 969 1214 1027 quin
1247 969 1348 1014 olim
1387 970 1578 1015 eiusdem
1610 969 1767 1029 elegiae

280 1038 449 1084 fuerint.
483 1038 593 1092 Quid
609 1040 735 1086 velim
753 1041 995 1100 exemplum
1013 1041 1206 1087 illustret.
1226 1041 1337 1100 Lege
1355 1041 1413 1087 sis
1430 1057 1489 1087 vs.
1509 1041 1766 1089 923—-9302

484 1113 629 1164 Οὕτω,
664 1112 917 1168 Δημόκλεις,
951 1116 1059 1156 κατὰ
1090 1114 1260 1171 χρήματ’
1293 1117 1466 1170 ἄριστον
1494 1116 1696 1160 ἁπάντων

538 1189 614 1239 τὴν
645 1184 840 1240 δαπάνην
874 1185 1035 1228 θέσθαι
1066 1189 1140 1228 καὶ
1170 1184 1346 1242 μελέτην
1386 1186 1543 1244 ἐχέμεν.

481 1258 574 1299 οὔτε
608 1259 686 1313 γὰρ
716 1260 771 1300 ἂν
802 1258 1030 1313 προκαμὼν
1060 1257 1178 1313 ἄλλῳ
1209 1261 1397 1314 κάματον
1433 1259 1676 1315 μεταδοίης,

539 1330 625 1372 οὔτ’
655 1332 711 1373 ἂν
742 1333 962 1387 πτωχεύων
997 1329 1254 1386 δουλοσύνην
1284 1330 1455 1381 τελέως·

479 1400 569 1443 οὐδ’
605 1404 640 1445 εἰ
670 1407 798 1459 γῆρας
828 1405 963 1456 ἵκοιο,
997 1405 1049 1445 τὰ
1076 1407 1264 1459 χρήματα
1294 1402 1421 1447 πάντ’
1447 1402 1671 1459 ἀποδραίη.

545 1476 590 1518 ἐν
622 1474 667 1517 δὲ
698 1474 847 1531 τοιῷδε
880 1475 991 1528 γένει
1022 1473 1195 1531 χρήματ’
1229 1477 1401 1531 ἄριστον
1436 1475 1563 1532 ἔχειν.

480 1551 531 1602 ἤν
556 1549 633 1602 μὲν
663 1551 741 1603 γὰρ
770 1546 955 1604 πλουτῇς
976 1579 985 1596 ,
1019 1545 1170 1589 πολλοὶ
1201 1546 1311 1602 φίλοι
1330 1581 1340 1600 ,
1363 1551 1415 1602 ἦν
1443 1546 1488 1589 δὲ
1516 1545 1697 1600 πένηαι,

539 1623 715 1675 παῦροι,
747 1619 915 1662 κούκέθ’
947 1621 1055 1675 ὁμῶς
1086 1620 1208 1669 αὑτὸς
1232 1620 1338 1675 ἀνὴρ
1369 1620 1544 1673 ἀγαθός.

277 1688 387 1741 Quid
434 1690 514 1736 sibi
560 1692 650 1737 vult
698 1692 946 1737 adverbium
982 1692 1124 1736 oiim?
1171 1691 1264 1744 Quo
1297 1692 1516 1737 refertur?
1547 1690 1661 1743 Quae
1695 1696 1762 1736 est

275 1762 338 1807 vis
383 1763 698 1809 coniunctionis
738 1766 816 1818 γὰρ
859 1778 920 1809 vs.
969 1763 1087 1809 925?
1152 1763 1250 1809 Sine
1297 1764 1427 1809 dubio
1476 1770 1574 1822 post
1616 1762 1760 1819 ἐχέμεν

275 1834 434 1893 aliquid
456 1835 598 1881 exidit.
617 1835 721 1880 Vide
752 1849 857 1880 num
882 1836 1033 1881 lacuna
1063 1836 1281 1895 expleatur
1311 1836 1394 1882 hoo
1425 1835 1626 1888 disticho.
1645 1834 1761 1892 quod

275 1915 526 1954 numeratur
556 1923 615 1954 VS.
647 1908 875 1954 559—60:

478 1981 581 2023 ὥστε
611 1996 652 2023 σε
683 1985 785 2035 μήτε
815 1979 910 2035 λίην
941 1981 1096 2035 ἀφνεὸν
1128 1983 1337 2023 κτεάτεσσι
1369 1978 1598 2033 γενέσθαι,

537 2057 635 2108 μήτε
668 2053 710 2094 σέ
737 2052 777 2105 γ’
800 2054 840 2102 ἐς
867 2051 1027 2106 πολλὴν
1063 2055 1322 2109 χρημοσϋνην
1349 2051 1508 2094 ἐλάσαι.

274 2127 339 2171 An
381 2126 655 2186 praeferenda
698 2132 764 2171 est
810 2124 941 2170 Geelii
988 2125 1232 2170 coniectura
1263 2139 1341 2183 pro
1378 2125 1479 2166 ὥστε
1510 2121 1756 2182 reponentis

273 2197 437 2254 λῷστα,
483 2205 532 2244 ut
577 2197 793 2243 distichon
837 2211 861 2242 a
902 2197 1055 2242 ceteris
1098 2197 1355 2256 separetur?
1405 2195 1561 2241 Omnes
1587 2193 1758 2241 codices

273 2270 607 2316 coneordissime
641 2271 846 2329 praebent
876 2270 991 2314 ὥστε.
1040 2269 1134 2314 Pari
1170 2269 1298 2314 modo
1329 2265 1639 2313 vs.159-160
1658 2280 1757 2312 oum

271 2357 332 2388 vs.
367 2342 451 2388 659
483 2356 573 2400 sqq.
612 2342 934 2401 coniungendos
967 2355 1061 2386 esse
1095 2355 1276 2395 censeo,
1322 2348 1370 2385 ut
1401 2354 1488 2386 uno
1518 2347 1667 2385 tenore
1697 2338 1756 2384 le-

299 2421 451 2461 antur:

271 2429 298 2473 g
478 2491 657 2541 Μήποτε
676 2518 687 2537 ,
721 2485 867 2540 Κύρ.ν’,
901 2485 1139 2540 ἀγορᾶσθαι
1157 2485 1255 2533 ἔπος
1283 2483 1403 2538 μέγα·
1419 2480 1503 2525 οἶδε
1525 2483 1604 2537 γὰρ
1619 2480 1754 2532 οὐδείς

532 2560 771 2614 ἀνθρώπων
803 2559 867 2599 ὅτι
900 2557 974 2606 νύξ
1002 2556 1152 2614 χὴμέρη
1181 2556 1303 2611 οἰνδρὶ
1334 2554 1456 2598 τελεῖ.

478 2631 566 2674 οὐδ’
598 2631 742 2686 ὀμόσαι
775 2632 848 2687 χρὴ
881 2629 1023 2682 τοῦθ’,
1051 2630 1115 2671 ὅτι
1145 2632 1301 2683 μήποτε
1331 2633 1500 2682 πρῆγμα
1515 2626 1602 2670 τόδ’
1619 2625 1752 2669 ἔσται·

533 2706 626 2746 θεοὶ
658 2706 734 2758 γάρ
766 2718 830 2745 τοι
860 2702 895 2760 ¹)
924 2700 1117 2756 νεμεσῶσ’
1150 2697 1258 2744 οἶσιν
1289 2700 1430 2744 ἔπεστι
1456 2698 1588 2750 τέλος·
1619 2700 1707 2743 xri.

314 2921 342 2964 ¹)
375 2919 469 2953 Obliti
498 2923 571 2951 sunt
606 2917 740 2950 editores
778 2929 829 2949 τοι
865 2917 1028 2949 restituere
1062 2925 1116 2958 pro
1148 2927 1202 2949 τε.
1238 2915 1396 2948 Eiusmodi
1430 2915 1507 2948 levia
1538 2915 1647 2949 menda
1667 2915 1755 2959 plura

267 2984 340 3012 sunt
372 2978 403 3011 in
427 2975 641 3017 Theognideis.
679 2975 776 3007 Lubet
800 2974 942 3007 nonnulla
967 2983 1147 3014 congerere.
1165 2980 1237 3016 pace
1259 2982 1364 3006 eorum
1387 2973 1439 3016 qui
1461 2973 1622 3006 verborum
1653 2981 1750 3006 aueu-

269 3039 353 3079 pium
388 3035 443 3066 hoc
477 3042 548 3066 cum
580 3037 758 3073 contemptu
793 3032 965 3074 appellent,
998 3035 1139 3063 caventes
1177 3030 1293 3063 scilicet
1317 3040 1353 3062 ne
1375 3029 1449 3072 quid
1472 3030 1638 3063 aesthetiea
1669 3038 1746 3072 quae
