1898 3386
963 246 1017 290 16

255 372 520 431 Megarenses
563 374 607 418 in
644 381 761 419 tanto
797 375 1041 421 discrimine
1072 377 1250 435 periculi
1281 386 1576 434 versarentur,
1609 388 1733 439 poeta

256 445 444 507 ostendit
485 460 529 490 se
560 460 647 490 non
679 461 778 491 eum
809 460 902 492 esse
937 448 1010 504 qui
1044 449 1240 507 ambigue
1274 451 1438 508 agendo
1469 451 1574 495 nihil
1606 466 1733 515 agen-

255 518 358 562 dum
388 532 481 562 esse
513 526 695 563 censeat.
742 519 847 564 Nam
878 520 960 564 hoc
994 528 1085 566 orat
1116 522 1381 580 Apollinem:

323 589 449 648 (773)
482 593 610 647 Φοῖβε
635 591 768 643 ἄναξ,
804 592 926 641 αὐτὸς
956 594 1032 647 μὲν
1061 595 1297 649 ἐπύργωσας
1323 594 1447 638 πόλιν
1473 599 1630 651 ἄκρην,

515 661 754 719 Ἀλκαθόῳ
778 663 972 716 Πέλοπος
1001 664 1122 708 παιδὶ
1155 667 1435 723 χαριζόμενος·

455 735 580 785 αὐτὸς
612 735 655 778 δὲ
688 738 864 792 στρατὸν
891 739 1088 795 ὑβριστὴν
1115 739 1278 793 Μήδων
1310 739 1490 796 οἷπέρυκε

510 808 631 862 τῆσδε
665 808 839 860 πόλευς,
873 811 947 853 ἵνα
983 826 1045 853 σοι
1079 810 1172 853 λαοὶ
1203 813 1247 854 ἐν
1280 811 1508 869 εὐφροσύνῃ

452 877 548 935 ἦρος
583 881 859 938 ἐπερχομένου
888 883 1052 934 κλειτὰς
1084 883 1270 939 πέμπωσ’
1301 887 1559 943 ἑκατόμβας,

512 956 755 1008 τερπόμενοι
789 959 966 1013 κιθάρῃς
995 956 1060 1010 ἠδ’
1093 959 1216 1012 ἐρατῇ
1244 956 1377 1015 θαλίῃ

459 1029 651 1068 παιάνων
684 1044 726 1069 τε
761 1031 893 1084 χοροῖς
922 1031 1058 1085 ῖαχῇσι
1090 1047 1133 1072 τε
1164 1031 1236 1073 σὸν
1262 1033 1356 1086 περὶ
1383 1033 1536 1088 βωμόν·

509 1095 535 1151 ἦ
565 1101 643 1155 γὰρ
678 1100 757 1152 ἐγὼ
790 1100 958 1143 δείδοικ’
979 1101 1014 1159 ¹)
1045 1102 1256 1158 οἷφραδίην
1289 1105 1441 1160 ἐσορῶν

455 1172 526 1211 καὶ
553 1175 696 1215 στάσιν
728 1171 944 1227 ςΕλλήνων
977 1172 1236 1230 λαοφθόρον·
1267 1174 1377 1218 ἀλλὰ
1406 1178 1481 1232 σύ,
1517 1177 1672 1232 Φοῖβε,

506 1242 625 1294 ἵλαος
654 1245 854 1301 ἡμετέρην
886 1245 1009 1299 τήνδε
1037 1245 1217 1300 φύλασσε
1244 1247 1384 1291 πόλιν.

251 1313 387 1372 Igitur
419 1315 641 1361 subductis
672 1317 909 1363 rationibus
941 1333 1169 1377 permaneo
1203 1320 1247 1365 in
1280 1321 1488 1366 sententia
1521 1321 1733 1380 Theogni-

250 1386 374 1441 dem,
427 1401 561 1445 quum
595 1395 717 1434 antea
748 1390 879 1435 libere
916 1390 1092 1436 dixisset
1125 1405 1232 1449 quae
1267 1393 1468 1447 sentiret,
1499 1394 1551 1438 ab
1583 1393 1731 1439 exsilio

250 1459 479 1514 reducem,
518 1469 693 1520 propter
724 1463 990 1507 fortunarum
1022 1463 1227 1509 iacturam
1263 1465 1477 1523 aliquanto
1497 1466 1730 1511 cautiorem

249 1531 435 1585 iactum,
483 1533 671 1592 linguam
722 1535 1038 1594 compescuisse
1084 1544 1125 1581 et
1169 1537 1306 1583 amico
1353 1538 1538 1583 suasisse
1583 1545 1632 1583 ut
1677 1552 1730 1584 ne

250 1604 478 1650 crabrones
511 1605 708 1651 irritaret.
743 1608 806 1651 Ad
838 1609 919 1653 hoc
953 1609 1162 1665 quadrant
1192 1610 1368 1669 insuper
1399 1626 1459 1656 vs.
1493 1609 1691 1656 583—4:

455 1676 600 1720 Ἀλλὰ
632 1682 683 1721 τὰ
715 1682 792 1733 μὲν
827 1679 1085 1738 προβέβηκεν
1105 1715 1113 1731 ,
1148 1682 1362 1739 οὲμήχανόν
1403 1684 1487 1726 ἐστι
1517 1683 1717 1736 γενέσθαι

511 1751 630 1806 οὲργά·
663 1755 715 1794 τὰ
747 1751 784 1794 δ’
817 1752 1010 1802 ἐξοπίσω,
1041 1756 1125 1796 τῶν
1152 1753 1317 1809 φυλακὴ
1347 1754 1517 1810 μελέτω.

250 1821 396 1878 Neque
432 1822 514 1867 hoc
545 1824 652 1869 loco'
672 1825 1098 1883 praetermittendum
1131 1826 1352 1881 existimo,
1379 1828 1535 1872 bonam
1564 1833 1728 1886 partem

250 1893 508 1952 Theognidis
554 1896 784 1955 elegiarum
830 1897 874 1940 in
910 1912 959 1942 eo
988 1912 1140 1956 genere
1172 1899 1346 1957 elegiaci
1376 1899 1574 1944 carminis
1606 1914 1727 1953 esse,

248 1967 362 2010 unde
393 1974 595 2025 tanquam
626 1984 649 2013 e
682 1969 810 2027 lyrica
841 1969 961 2027 poesi
994 1970 1202 2027 pelluceat
1235 1971 1391 2028 quibus
1416 1971 1546 2016 animi
1561 1977 1730 2030 pertur-

247 2038 490 2084 bationihus
522 2047 647 2099 poeta
680 2047 1007 2086 commoveatur.
1054 2042 1159 2086 Nam
1196 2042 1231 2087 si
1261 2043 1343 2088 hoc
1375 2043 1580 2088 memoria
1612 2051 1730 2089 tene-

247 2118 338 2165 tur,
381 2111 632 2170 intelligitur
674 2113 776 2170 quid
812 2127 964 2158 causae
997 2114 1051 2157 sit
1084 2128 1160 2158 cur
1188 2114 1232 2158 in
1265 2115 1522 2173 Theognidis
1556 2129 1727 2174 poema·-

246 2183 300 2228 tis
348 2190 435 2228 tam
483 2186 616 2229 multa
659 2186 854 2243 legantur
899 2199 1006 2242 quae
1056 2185 1135 2230 sibi
1174 2201 1261 2231 non
1303 2194 1511 2232 constant.
1563 2186 1728 2244 Ecquid

246 2256 404 2300 mirum
435 2283 491 2288 —-
519 2257 618 2302 licet
654 2258 883 2302 dolendum
917 2257 971 2301 sit
1002 2283 1060 2289 —
1090 2258 1335 2313 hominem,
1371 2260 1444 2316 qui
1468 2259 1593 2305 bonis
1610 2273 1728 2305 ever-

229 2330 319 2375 'sus
369 2330 490 2374 exsul
537 2336 653 2374 trans
699 2344 814 2374 mare
847 2336 1015 2383 currat,
1055 2345 1153 2375 cum
1180 2332 1298 2376 coelo
1329 2338 1505 2377 eatenus
1537 2331 1726 2377 animum

246 2409 411 2447 mutare
457 2408 506 2446 ut
553 2408 785 2460 egestatem
828 2402 1006 2446 moleste
1051 2402 1189 2447 ferens
1235 2404 1460 2462 pecuniam
1510 2404 1724 2461 aliquanto

246 2474 419 2519 maioris
454 2487 582 2531 quam
613 2480 735 2518 antea
765 2473 924 2518 faciat‘?
966 2474 1115 2518 Nonne
1148 2489 1246 2519 cum
1281 2490 1425 2520 rerum
1455 2483 1606 2521 natura
1622 2489 1725 2520 con-

244 2547 359 2591 venit
388 2547 595 2591 miserum
628 2546 844 2599 exsulem,
878 2546 922 2590 in
938 2552 1169 2603 egestatem
1185 2547 1564 2601 redactum,nunc
1581 2547 1723 2593 animo

245 2619 409 2664 abiecto
441 2619 664 2677 desperare
698 2618 904 2671 salutem,
938 2625 986 2661 ut
1015 2633 1075 2662 vs.
1108 2618 1334 2664 819—20:

450 2692 523 2740 Ἐς
557 2689 821 2746 πολυάρητον
853 2695 983 2734 κακὸν
1014 2694 1186 2745 ἥκομεν,
1220 2691 1332 2735 ἔνθα
1355 2690 1562 2746 μάλιστα,

503 2765 666 2818 Κύρνε,
701 2763 1036 2820 συναμφοτέρους
1061 2770 1186 2820 μοῖρα
1215 2764 1336 2822 λάβοι
1367 2770 1574 2809 θανάτου

244 2851 358 2882 nunc
388 2835 525 2881 amico
555 2835 765 2880 malorum
796 2826 912 2881 socio
944 2836 1134 2882 animum
1163 2851 1337 2896 augere,
1371 2846 1420 2883 ut
1445 2854 1506 2884 vs.
1525 2836 1718 2884 355-8:

283 3003 312 3046 ε2)
348 3004 484 3036 Praesero
507 3003 583 3036 hanc
608 3003 766 3036 lectionem
782 3028 789 3042 ,
811 3015 888 3046 quae
911 3016 969 3039 non
995 3017 1060 3039 mea
1084 3012 1152 3046 est,
1174 3008 1311 3050 vulgatae
1335 3008 1444 3053 ἔγωγε
1469 3009 1623 3044 δέδοικ’.
