1898 3386
935 236 992 282 23

369 364 500 420 αὐτὰρ
527 367 635 418 ε’γών
666 365 808 421 ὀλίγης
839 369 953 421 παρὰ
983 370 1050 408 σεῦ
1080 367 1128 408 οὐ
1154 371 1346 424 τυγχάνω
1372 367 1513 416 αἰδοῦς
1532 369 1587 424 ¹),

424 436 518 479 ἀλλ’
550 439 685 494 ὥσπερ
715 440 863 494 μικρὸν
891 438 1026 480 παῖδα
1057 437 1195 491 λόγοις
1222 439 1265 494 μ’
1296 440 1475 495 οἱπατᾷς.

222 507 335 554 1265
367 545 883 555 ........
944 511 1025 562 ἐγὼ
1060 511 1103 552 δὲ
1131 514 1173 552 σεΙ
1206 511 1408 561 πολλάκις
1437 511 1517 566 ἤδη

423 578 469 624 εὖ
491 581 622 638 ’ἔρδων
653 582 794 632 αΐδοῦς
825 581 1014 637 οὐδεμιῆς
1043 583 1193 639 ἔτυχον

222 651 338 699 1303
371 689 884 699 ........
945 654 1084 697 οὐκέτι
1117 654 1242 710 δηρόν

425 725 531 776 ’ἕξεις
560 730 856 782 Κυπρογενοῦς
887 726 1020 782 δῶρον
1052 729 1310 782 ἰοστεφάνου.

221 795 334 843 '1332
367 832 881 843 ........
943 800 1082 841 εἴποτε
1113 802 1184 841 καὶ
1215 802 1266 841 σι]

421 869 529 920 ’ἔξεις
558 874 853 925 Κυπρογενοῦς
885 871 1019 926 δῶρον
1051 874 1310 925 ἰοστεφάνου.

219 939 333 986 1383
364 927 383 985 ,1
436 978 444 986 .
509 976 519 986 .
554 958 555 963 ’
583 977 879 986 .....
941 944 1275 1000 (Κυπρογενοῦς)
1294 943 1428 1000 δῶρον
1447 945 1693 997 ἰοστεφάνου

218 1011 366 1072 Odyss.
399 1013 490 1059 VIII
521 1013 605 1059 579

368 1087 442 1129 τὸν
474 1085 518 1128 δὲ
550 1089 644 1128 θεοὶ
674 1089 751 1142 μὲν
781 1089 955 1139 τεῦξαν,
986 1087 1277 1131 ἐπεκλώσαντο
1304 1088 1340 1130 δ’
1370 1087 1550 1142 ὄλεθρον

427 1158 692 1214 ἀνθρώποις,
726 1161 801 1203 ἵνα
829 1159 896 1218 ᾗσι
922 1164 992 1203 καὶ
1019 1160 1296 1215 ἐσσομένοισιν
1323 1159 1458 1213 αόιδή.
1486 1188 1495 1196 -
1558 1187 1567 1197 -

216 1301 376 1360 Operae
424 1302 609 1360 pretium
655 1318 750 1349 esse
798 1305 966 1349 videtur
1011 1306 1093 1350 hoc
1139 1306 1234 1350 loco
1270 1305 1485 1363 paulisper
1515 1315 1700 1348 manere.

220 1371 375 1426 Quidni
406 1374 521 1419 enim
553 1375 739 1420 suaviter
757 1376 973 1422 rideamus
990 1384 1182 1435 poetam,
1201 1377 1275 1434 qui
1292 1376 1389 1422 talia
1406 1376 1547 1421 dicere
1569 1389 1700 1421 ausus

218 1453 423 1502 queratur
454 1460 499 1491 se
529 1460 799 1504 nequaquam
830 1449 1045 1494 observari
1080 1449 1155 1494 sed
1186 1456 1388 1506 tanquam
1404 1462 1582 1507 parvum
1597 1462 1702 1507 pue-

218 1529 316 1561 rum
360 1517 537 1577 decipi‘?
584 1518 694 1571 Quid
734 1527 799 1565 est
845 1520 1039 1579 ineptum
1079 1527 1121 1566 et
1154 1521 1393 1574 insulsum,
1430 1521 1465 1565 si
1497 1521 1580 1565 hoc
1611 1534 1701 1565 car-

219 1602 319 1635 men
349 1603 437 1635 non
467 1591 570 1636 est‘?
603 1591 882 1650 Comparatur
905 1593 1070 1652 Cyrnus
1103 1607 1200 1638 cum
1232 1592 1309 1638 avi.
1342 1593 1445 1638 Esto
1475 1607 1598 1638 sane:
1627 1592 1703 1637 sed

220 1661 324 1719 quid
369 1662 496 1707 facias
538 1670 663 1722 poeta
705 1665 779 1720 qui
830 1665 941 1710 serio
975 1665 1087 1710 dicat
1117 1679 1238 1710 avem
1266 1672 1366 1724 post
1397 1672 1581 1710 mortem
1612 1679 1700 1710 non

218 1747 329 1791 equo
370 1747 447 1793 per
491 1735 781 1781 continentem
827 1735 1047 1781 Graeciam
1091 1743 1134 1782 et
1174 1737 1333 1782 insulas
1365 1737 1701 1783 circumvectum

210 1805 269 1850 iri
286 1807 307 1850 Ἰ
347 1805 488 1859 Quum
526 1806 717 1852 virorum
758 1808 983 1853 doctorum
1029 1809 1185 1854 iudicia
1230 1809 1337 1854 tanti
1369 1809 1519 1854 faciam
1550 1811 1698 1866 quanti

217 1891 294 1936 par
329 1885 420 1932 est,
463 1885 606 1924 tamen
644 1879 688 1924 id
729 1880 834 1924 mihi
867 1895 991 1926 sumo
1021 1888 1071 1926 ut
1101 1882 1180 1926 hac
1211 1881 1256 1926 in
1288 1896 1335 1926 re
1366 1882 1418 1927 ab
1449 1881 1501 1927 iis
1534 1882 1698 1929 dissen-

205 1934 332 1995 tiam.
378 1950 531 1996 Censet
578 1952 692 1996 enim
736 1953 872 2012 Bergk
906 1954 1015 1998 hanc
1049 1968 1143 1999 esse
1174 1954 1403 2012 genuinam
1434 1954 1694 2015 Theognidis

217 2022 395 2081 elegiam
430 2022 482 2081 ²).
541 2023 783 2078 Hermann,
831 2025 954 2070 cuius
1002 2026 1161 2085 scripto
1202 2026 1266 2070 uti
1310 2026 1417 2070 mihi
1463 2040 1551 2073 non
1599 2041 1700 2073 con-

219 2093 340 2153 tigit,
389 2095 557 2140 videtur
600 2103 776 2155 propter
818 2097 943 2142 istam
987 2098 1272 2143 insulsitatem
1317 2098 1495 2157 elegiam
1540 2099 1585 2144 in
1611 2106 1698 2145 tres

218 2167 446 2226 particulas
509 2167 716 2213 divisisse.
783 2169 982 2214 Welcker
1029 2177 1072 2214 et
1117 2169 1414 2214 Schneidewin
1459 2171 1703 2216 existimant

215 2238 392 2297 elegiam
441 2239 570 2284 finem
614 2240 766 2285 secisse
812 2255 962 2286 eorum
1008 2255 1116 2300 quae
1157 2241 1371 2300 Theognis
1417 2243 1469 2286 ad
1509 2243 1696 2302 Cyrnum

215 2311 397 2370 scripsit.
426 2311 561 2357 Immo
588 2312 740 2357 clausit
773 2313 906 2372 elegia
937 2314 1093 2358 librum
1124 2314 1304 2358 alterum
1334 2314 1590 2371 elegiarum,
1624 2315 1698 2372 qui

214 2390 332 2429 totus
365 2390 431 2428 est
475 2384 527 2429 de
571 2383 741 2443 impuro
785 2399 1019 2444 puerorum
1063 2399 1228 2439 amore,
1277 2392 1462 2442 suntque
1511 2386 1697 2433 simulati

216 2462 260 2500 et
303 2455 516 2514 Theognis
558 2462 602 2500 et
643 2456 820 2515 Cyrnus.
867 2457 979 2503 Casti
1024 2457 1203 2510 amoris,
1255 2456 1390 2514 qualis
1438 2457 1695 2517 Theognidis

215 2526 296 2572 fuit
343 2526 388 2572 in
423 2526 609 2586 Cyrnum
625 2565 635 2581 ‚
668 2542 756 2574 non
787 2536 852 2574 est
883 2529 1094 2574 eiusmodi
1126 2529 1274 2574 oratio.
1318 2529 1526 2588 Impudici
1557 2532 1695 2576 homi—

215 2612 317 2652 nes,
367 2600 727 2656 quemadmodum
770 2602 902 2646 multa
948 2601 1051 2654 alia,
1095 2601 1155 2645 sic
1198 2614 1355 2646 nomen
1396 2599 1522 2660 Cyrni
1553 2617 1576 2648 e
1610 2604 1696 2663 pri-

257 2867 284 2911 Ι)
320 2867 418 2901 Cobet
443 2869 482 2901 N.
506 2869 541 2902 L.
568 2881 598 2912 p.
622 2871 705 2909 189,
729 2873 782 2905 ubi
805 2874 867 2914 agit
891 2875 928 2906 de
952 2875 1085 2915 neglecta
1107 2876 1259 2917 sanzesh
1285 2882 1388 2909 monet
1407 2876 1601 2909 scribendum
1614 2885 1698 2909 esse:

375 2925 494 2970 αὐτὰρ
516 2928 582 2970 ἐγὼ
608 2928 691 2962 οὐδ’
716 2931 839 2974 ὀλίγης
860 2934 959 2975 παρὰ
982 2935 1045 2966 σεῦ
1070 2935 1136 2965 νῦν
1161 2935 1328 2975 τυγχάνω
1353 2934 1494 2971 αἰδοῦς.

253 2980 285 3026 ²)
322 2982 401 3018 Mus.
425 2984 523 3018 Rhen.
549 2985 633 3019 18⁴5
655 2996 688 3030 p.
713 2987 771 3021 ⁴2¹
799 2999 868 3031 sqq.
