1898 3386
978 246 1005 290 6

302 373 395 424 Quo
433 373 526 417 ime
564 373 761 418 Welcke1
795 388 944 420 omnes
979 376 1081 420 deos
1112 377 1300 435 deasque
1334 377 1507 423 exordio
1538 379 1733 424 detruse-

244 443 300 487 rit
343 458 430 488 non
461 444 595 489 video.
642 445 937 503 Xenophontis
969 448 1095 492 verba
1127 462 1215 492 non
1246 450 1475 528 postulant.
1524 450 1630 495 Nam
1661 450 1732 495 hic

247 520 413 559 tantum
457 516 510 559 ad
555 530 649 560 rem
695 531 803 574 quae
848 518 1144 577 Theognideae
1173 520 1293 578 poesi
1325 520 1515 565 subiecta
1545 528 1610 566 est
1642 522 1732 566 ani-

248 601 367 631 mum
414 587 605 631 attendit.
653 588 737 633 Cur
782 604 881 634 vero
931 592 1047 649 quod
1077 598 1245 636 tantum
1279 606 1366 637 non
1397 606 1546 637 omnes
1579 600 1732 651 poetae

248 657 434 710 faciunt,
483 665 532 702 ut
575 660 628 703 ad
673 674 845 705 carmen
892 663 1165 720 pangendum
1223 664 1413 723 aggressi
1454 663 1635 710 alicuius
1669 665 1738 710 dei

252 730 457 776 auxilium
488 730 743 789 implorent,
776 732 819 776 id
849 733 1085 791 Theognidi
1116 736 1252 781 facere
1284 750 1372 782 non
1404 736 1527 781 liceat
1553 735 1738 794 ‘lNeque

253 802 442 860 intelligo
479 817 561 861 qua
604 803 650 847 in
682 818 728 848 re
760 804 965 863 Apollinis
998 806 1239 865 imploratio
1268 823 1291 853 a
1325 809 1480 853 Dianae
1514 815 1601 853 tam
1632 808 1742 852 mul-

258 881 350 919 tum
383 874 548 919 differat
580 881 628 919 ut
659 875 703 919 in
734 876 848 921 aliud
881 892 1015 936 genus
1045 881 1264 925 reserenda
1298 881 1364 926 sit.
1398 881 1505 926 Utut
1521 887 1612 933 est,
1641 893 1742 924 con-

257 953 341 991 stat
375 946 558 991 eundem
591 954 762 1005 poetam
793 963 880 993 non
913 965 936 994 a
968 958 1152 1009 quatuor
1182 953 1382 1012 deinceps
1399 951 1740 998 invocationibus

258 1018 436 1062 deorum
467 1018 690 1077 incepisse.
742 1021 823 1066 Sed
852 1023 1120 1068 redeundum
1151 1026 1203 1070 ad
1234 1026 1464 1084 scriptores
1484 1040 1592 1084 quos
1609 1031 1740 1070 testes

256 1090 451 1136 adhibeo.
513 1091 654 1143 Quum
701 1100 843 1138 autem
891 1109 914 1139 a
961 1096 1244 1155 Xenophonte
1290 1098 1373 1142 iam
1429 1097 1661 1150 destituar,
1705 1096 1741 1141 si

258 1163 432 1222 quidem
479 1163 585 1208 nihil
630 1165 810 1223 amplius
852 1167 904 1211 ab
936 1182 986 1212 eo
1018 1183 1068 1213 ex
1103 1169 1348 1228 Theognide
1380 1171 1597 1215 laudatum
1627 1169 1743 1214 inve-

259 1235 376 1279 nitur
423 1250 551 1294 quam
599 1251 659 1280 vs.
707 1235 877 1283 35-37
912 1239 975 1297 ¹),
1010 1240 1078 1284 alii
1110 1242 1265 1286 debent
1295 1242 1477 1300 prodire.
1524 1240 1743 1286 Succurrit

260 1308 402 1362 Plato,
445 1309 518 1367 qui
566 1308 671 1354 Men.
706 1324 745 1368 p.
779 1310 834 1355 95
871 1312 903 1355 D
939 1311 1154 1358 Socratem
1185 1320 1227 1359 et
1258 1314 1480 1360 Menonem
1510 1313 1608 1358 facit
1637 1313 1742 1357 haec

261 1379 473 1426 dicentes:
508 1383 602 1423 ΣΩ.
637 1378 776 1424 Οἶσθα
809 1383 853 1425 δὲ
883 1384 948 1426 ὅτι
981 1384 1028 1426 οὐ
1058 1388 1188 1439 μόνον
1220 1387 1283 1429 σοί
1315 1403 1358 1429 τε
1390 1389 1461 1428 καὶ
1486 1390 1573 1435 τοῖς
1596 1383 1744 1437 ἄλλοις

261 1455 348 1502 τοῖς
394 1451 627 1503 πολιτικοῖς
675 1460 795 1497 τοῦτο
842 1455 959 1498 δοκεῖ
998 1459 1091 1500 τοτὲ
1133 1460 1210 1512 μὲν
1242 1455 1352 1502 εἶναι
1383 1457 1583 1501 διδακτόν
1603 1491 1615 1511 ,
1647 1459 1742 1501 τοτὲ

260 1523 297 1566 δ’
321 1526 367 1565 οὔ
383 1557 396 1578 ,
424 1523 534 1567 ἀλλὰ
567 1529 637 1568 καὶ
671 1526 850 1580 Θέογνιν
886 1530 958 1571 τὸν
992 1533 1171 1585 ποιητὴν
1203 1526 1316 1573 οἷσθ’
1346 1532 1411 1574 ὅτι
1442 1530 1576 1573 ταύτὰ
1607 1533 1742 1573 ταῦτα

263 1597 406 1650 λέγεις
439 1601 592 1641 ΜΕΝ.
629 1597 708 1642 Ἐν
741 1601 876 1650 ποίοις
908 1601 1083 1655 {necem
1114 1605 1209 1645 ΣΩ.
1244 1602 1323 1646 Ἔν
1355 1608 1441 1653 τοῖς
1458 1602 1651 1655 ἐλεγείοις
1667 1604 1703 1660 ²)
1727 1633 1741 1654 ‚

262 1662 311 1712 οὖ
350 1668 460 1722 λέγει
546 1681 549 1684 ’

354 1741 452 1801 (33)
485 1746 572 1785 Καὶ
603 1747 717 1799 παρὰ
746 1749 877 1788 τοῖσιν
912 1749 1006 1789 πῖνε
1039 1750 1108 1789 καὶ
1143 1747 1288 1799 ἔσθιε,
1323 1750 1394 1789 καὶ
1423 1748 1527 1801 μετὰ
1561 1750 1693 1788 τοῖσιν

551 1816 613 1866 ἵζε
633 1850 645 1870 ,
679 1820 749 1859 καὶ
780 1818 939 1861 ἅνδανε
971 1823 1085 1870 τοῖς,
1120 1812 1180 1863 ὧν
1212 1819 1371 1875 μεγάλη
1403 1819 1592 1873 δύναμις.

496 1887 659 1932 ἐσθλῶν
691 1891 768 1944 μὲν
799 1893 876 1945 γὰρ
906 1890 984 1932 ἄπ’
1011 1889 1142 1933 ἐσθλά
1168 1891 1373 1941 διδάξεαι·
1398 1896 1449 1946 ἦν
1478 1890 1522 1933 δὲ
1551 1893 1712 1932 κακοῖσι

555 1961 779 2019 συμμιγέῃς
801 1996 814 2016 ,
844 1962 1013 2013 ἀπολεῖς
1045 1967 1115 2006 καὶ
1146 1965 1219 2007 τὸν
1254 1954 1378 2007 {Isura
1412 1967 1524 2007 νόον·

260 2029 373 2074 οἷσθ’
403 2035 468 2076 ὅτι
503 2036 547 2077 ἐν
580 2036 741 2085 τούτοις
772 2037 848 2090 μὲν
882 2037 938 2085 ὠς
968 2035 1167 2079 διδακτοῦ
1194 2039 1315 2092 οὔσης
1341 2042 1412 2090 τῆς
1438 2036 1582 2091 ἀρετῆς
1599 2034 1743 2088 λέγεις

258 2108 413 2148 ΜΕΝ.
448 2107 655 2149 (petiverat
685 2124 744 2159 γε.
777 2110 871 2150 ΣΩ.
907 2107 985 2151 Ἐν
1018 2107 1164 2159 ἄλλοις
1194 2109 1238 2151 δέ
1270 2126 1314 2161 γε
1346 2108 1490 2161 ὀλίγον
1521 2111 1732 2165 μεταβὰς,

322 2176 449 2236 (435)
481 2181 516 2220 εἰ
549 2177 588 2220 δ’
618 2176 669 2233 ἧν
702 2183 902 2235 ποιητὸν,
937 2182 1059 2236 φησί,
1095 2184 1166 2224 καὶ
1200 2181 1378 2225 ἕνθετον
1408 2181 1530 2237 ἀνδρὶ
1564 2184 1724 2236 νόημα,

265 2248 375 2302 λέγει
408 2268 493 2300 πως
521 2253 585 2294 ὅτι

323 2321 448 2381 (434)
538 2323 717 2374 πολλοὺς
748 2327 803 2367 ἂν
834 2327 1010 2379 μισθούς
1045 2329 1114 2368 καὶ
1148 2325 1353 2381 μεγάλους
1388 2327 1533 2382 ἔφερον

315 2533 341 2574 ¹)
380 2534 484 2576 Symp.
509 2533 558 2571 11,
583 2534 623 2572 4;
647 2536 686 2568 cl'.
713 2535 801 2569 Mem.
826 2537 858 2574 1,
883 2546 928 2576 ιι,
955 2536 1015 2574 10;
1042 2537 1136 2569 Arist.
1156 2536 1230 2568 Eth.
1255 2535 1324 2570 Nic.
1346 2536 1409 2572 lx,
1434 2535 1466 2569 7.

314 2589 343 2633 ²)
383 2592 428 2624 Ex
475 2592 609 2624 Menonis
653 2593 753 2625 verbis
786 2599 817 2626 et
853 2594 988 2626 Socratis
1021 2604 1167 2635 responso
1203 2593 1414 2626 Schneidewin
1450 2604 1480 2635 p.
1517 2593 1557 2626 46
1591 2594 1750 2628 contendit

262 2659 407 2691 apparere
452 2649 658 2691 Theognidem
706 2652 973 2693 praeter-elegias
1006 2652 1119 2684 heroici
1146 2651 1238 2683 etiam
1273 2652 1362 2683 metri
1398 2652 1532 2684 carmina
1564 2652 1748 2685 condidisse.

263 2707 494 2740 Schneidewino
517 2709 701 2749 suffragatur
726 2708 898 2751 Bernhardy
922 2709 1058 2743 Grundr.
1079 2709 1134 2741 der
1154 2708 1275 2741 Griech.
1299 2709 1359 2741 Lit.
1383 2708 1431 2741 ed.
1457 2708 1483 2740 ΙΙ
1511 2719 1540 2750 ρ.
1563 2709 1750 2751 ⁴6LArgu·

265 2770 367 2797 mento
390 2770 438 2798 est
464 2766 695 2803 Schneidewino
719 2767 799 2808 quod
824 2767 977 2808 oppositio
999 2767 1040 2798 sit
1063 2767 1143 2798 inter
1165 2765 1234 2809 ἔπη
1256 2771 1288 2798 et
1311 2766 1465 2808 ἐλεγεῖα.
1503 2766 1534 2798 Si
1560 2767 1751 2800 meminisset

262 2823 465 2864 Θεύγιιδός
499 2825 592 2856 ἐστιν
627 2824 716 2867 ἔπη,
750 2824 858 2857 dubito
890 2834 962 2856 num
997 2825 1055 2857 hoc
1077 2829 1292 2864 argumentum
1315 2825 1342 2856 ei
1367 2825 1396 2856 in
1421 2829 1553 2856 mentem
1580 2823 1752 2857 incidisset.

260 2880 370 2923 Neque
405 2882 551 2914 debuerat
583 2882 730 2922 negligere
755 2883 844 2914 verba
867 2874 907 2915 οὗ
935 2881 1041 2923 λέγει.
1077 2882 1158 2920 Quae
1184 2882 1268 2914 Meno
1291 2881 1367 2913 dicit
1389 2882 1468 2913 idem
1495 2882 1556 2914 sere
1579 2881 1752 2922 significent

260 2949 295 2972 ae
330 2941 399 2971 ποῦ
416 2963 425 2980 ,
462 2949 530 2972 nani
562 2945 661 2978 ποῖος
684 2940 825 2973 hocloco
849 2940 924 2972 nihil
948 2939 1049 2972 differt
1073 2950 1090 2971 a
1114 2940 1192 2977 τίς,
1215 2944 1249 2971 ut
1273 2939 1357 2972 Crat.
1377 2949 1407 2981 p.
1432 2938 1494 2973 408
1520 2938 1541 2970 B
1566 2944 1598 2972 et
1622 2941 1748 2982 passim.

259 2995 365 3042 ltaque
389 3002 475 3037 rogat
499 2997 604 3030 Meno:
627 3008 685 3040 quo
709 2998 797 3031 loco?
825 2997 999 3039 Respondet
1024 2997 1107 3029 Socr.
1127 3007 1137 3031 z
1158 2997 1212 3029 ubi
1233 2998 1267 3029 in
1291 2997 1395 3037 eleyit's
1417 2997 1492 3029 dicit
1515 3001 1576 3029 cet.
