1898 3386
1020 230 1077 276 38

291 360 461 407 Cantrix
506 359 640 405 tristis
657 395 667 413 ,
715 360 830 418 quod
871 360 1067 419 proditur
1110 362 1162 405 ab
1200 362 1337 408 amico
1362 378 1550 423 quocum
1580 366 1773 424 proxima

293 439 419 478 nocte
450 432 727 478 comissatum
759 431 890 485 ierat,
924 439 1094 478 recusat
1125 446 1303 479 canere:

353 503 478 563 (939)
511 504 571 546 Οὐ
602 503 784 557 δυ’ναμαι
816 509 932 559 φωνῇ
961 502 1043 556 λίγ’
1075 503 1260 558 οἷειδέμεν
1292 506 1426 562 ὥσπερ
1456 506 1615 562 ἀηδών·

551 577 621 617 καὶ
655 576 733 629 γὰρ
763 578 840 628 τὴν
872 573 1077 631 προτέρην
1110 575 1227 618 νύκτ’
1259 578 1326 619 ἐπὶ
1357 581 1495 632 κῶμον
1527 579 1644 636 ἔβην.

489 646 584 689 οὐδὲ
615 647 687 688 τὸν
719 646 904 701 αὐλητὴν
936 647 1258 702 προφασίζομαι·
1289 648 1398 691 ἀλλά
1425 651 1467 704 μ’
1501 654 1662 708 ἑταῖρος

550 717 729 760 ἐκλείπει
762 719 905 773 σοφίης
936 718 1010 760 οὐκ
1042 719 1343 774 ἐπιδευόμενος.

286 792 442 840 Cantor
471 790 616 836 hilaris
648 803 735 836 non
766 797 985 849 gravatur:

344 862 472 922 (943)
507 862 720 916 Ἐγγϋθεν
750 861 977 919 αὐλητῆρος
1008 864 1197 918 ἀείσομαι
1231 856 1311 907 ὧδε
1342 870 1552 917 καταστάς

547 934 706 988 δέξιος,
737 934 972 985 ἀθανάτοις
1002 940 1164 979 θεοῖσιν
1199 938 1486 994 ἐπευχόμενος.

288 1006 496 1060 Quoniam
551 1021 620 1053 res
666 1007 723 1052 ita
768 1007 878 1061 fert,
910 1009 1009 1054 nolo
1042 1009 1209 1056 silentio
1243 1010 1505 1069 praeterire,
1539 1011 1638 1058 licet
1669 1026 1769 1059 cum

284 1079 459 1139 parodia
502 1079 561 1124 nil
606 1093 834 1125 commune
874 1080 1078 1134 habeant,
1128 1096 1276 1128 versus
1319 1081 1573 1139 903—922,
1607 1085 1765 1143 quibus

285 1158 411 1211 poeta
442 1151 768 1198 verbosissimus
801 1151 903 1196 dicit
934 1166 979 1197 se
1010 1152 1222 1198 incertum
1255 1168 1350 1200 esse

489 1224 660 1269 Duriter
689 1238 743 1269 an
775 1223 894 1269 malit
924 1224 1014 1270 sine
1046 1232 1221 1284 sumptu
1252 1226 1407 1285 degere
1436 1227 1566 1273 vitam

546 1296 731 1342 suaviter
760 1310 814 1342 an
844 1295 989 1343 vivens
1022 1296 1108 1342 otia
1140 1297 1260 1356 pigra
1289 1298 1438 1356 sequi,

284 1375 327 1416 et
356 1370 486 1415 breve
519 1382 803 1429 responsum:

341 1441 469 1503 (931)
502 1442 733 1485 Φείδεσθαι
760 1443 838 1497 μὲν
862 1444 1065 1497 ἄμεινον,
1095 1442 1185 1485 ἐπεὶ
1210 1441 1306 1485 οὐδὲ
1331 1443 1509 1487 θανόντ’
1541 1443 1765 1489 ἀποκλαίει

543 1514 702 1565 οὐδείς,
736 1517 788 1569 ἢν
818 1518 872 1570 μὴ
903 1516 978 1571 ὁρᾷ
1011 1519 1199 1573 χρήματα
1230 1514 1468 1570 λειπόμενα.

280 1588 427 1646 Neque
455 1588 561 1633 mihi
592 1594 784 1648 tempero
815 1587 920 1646 quin
949 1588 994 1633 in
1025 1595 1275 1634 transcursu
1305 1587 1638 1635 animadvertam
1670 1603 1764 1635 ver-

280 1661 399 1708 sibus
446 1659 675 1707 658-682
721 1660 930 1706 contineri
960 1661 1154 1720 aenigma
1186 1661 1239 1706 de
1270 1667 1383 1707 statu
1411 1661 1690 1720 reipublicae,
1722 1668 1766 1710 et

279 1733 473 1780 versibus
504 1732 733 1780 683—686
763 1733 957 1792 aenigma
990 1733 1108 1779 solvi.

278 1806 538 1866 Exprompta
582 1812 671 1851 tota
712 1806 984 1865 parodiarum
1014 1806 1288 1853 multitudine
1305 1843 1315 1861 ‚
1362 1820 1515 1866 agmen
1564 1807 1763 1854 claudant

279 1880 361 1926 tria
391 1878 597 1933 disticha,
634 1892 765 1936 quae,
797 1886 847 1924 ut
875 1879 1021 1938 opinio
1053 1894 1148 1925 mea
1176 1880 1283 1934 fert,
1316 1886 1418 1925 sunt
1432 1878 1652 1925 irrisiones
1669 1894 1761 1925 car-

278 1953 445 1999 minum
476 1950 643 1997 Solonis
669 1958 712 1997 et
750 1951 999 1997 Mimnermi.
1045 1951 1195 2007 Solon,
1228 1952 1341 1997 cives
1372 1965 1552 1998 monens
1585 1965 1639 1998 ne
1666 1952 1762 1998 sed-

278 2024 483 2071 itionibus
513 2023 821 2083 rempublicam
850 2024 1151 2083 pessumdent,
1180 2024 1260 2070 hac
1290 2023 1606 2084 comparatione
1622 2024 1759 2070 utitur

279 2098 426 2157 fragm.
460 2096 544 2142 12:

482 2167 560 2219 Ἐξ
588 2167 753 2224 ἀνέμων
784 2167 829 2211 δὲ
860 2167 1054 2211 θάλασσα
1083 2172 1348 2226 ταράσσεται·
1378 2171 1431 2224 ἣν
1463 2167 1510 2212 δέ
1536 2186 1600 2219 τις
1625 2168 1757 2223 αὐτήν

536 2245 591 2298 μὴ
622 2247 744 2299 κινῇ,
776 2245 947 2286 πάντων
979 2244 1064 2285 ἐστὶ
1094 2242 1356 2298 δικαιοτάτη.

279 2314 459 2363 Gravem
489 2314 655 2361 Solonis
691 2314 946 2361 sententiam
975 2315 1138 2361 facetus
1168 2315 1298 2362 homo
1328 2314 1565 2375 procaciter
1590 2327 1615 2361 a
1655 2312 1758 2361 civi-

277 2394 363 2434 tate
392 2387 611 2434 transtulit
640 2386 686 2432 in
717 2386 971 2446 magistrum
998 2387 1200 2434 bibendi:

338 2458 466 2519 (313)
499 2460 578 2503 Ἐν
615 2461 692 2515 μὲν
721 2458 991 2515 μαινομένοις
1019 2459 1133 2515 μάλα
1161 2460 1392 2515 μαίνομαι,
1424 2461 1470 2504 ἐν
1501 2459 1546 2504 δὲ
1574 2458 1754 2511 δικαίοις

540 2536 711 2576 πάντων
742 2532 985 2588 ἀνθρώπων
1018 2535 1100 2588 εἷμὶ
1134 2532 1399 2583 δικαιότατος
1423 2532 1477 2591 ¹).

277 2605 386 2651 Alibi
421 2604 580 2665 optima
612 2604 785 2651 bibendi
813 2605 921 2650 ratio
954 2605 1060 2651 haec
1090 2618 1185 2651 esse
1216 2604 1404 2651 dicitur:

337 2676 463 2737 (837)
496 2678 647 2720 Δισσαί
678 2693 743 2719 τοι
776 2679 918 2727 πόσιος
948 2681 1066 2733 κῆρες
1096 2675 1267 2720 δειλοῖσι
1298 2679 1532 2734 βροτοῖσιν,

534 2749 644 2805 δίψα
674 2766 718 2791 τε
749 2747 966 2804 λυσιμελὴς
998 2752 1068 2792 καὶ
1097 2748 1273 2804 μέθυσις
1304 2748 1478 2806 χαλεπή·

479 2823 637 2865 τούτων
669 2821 708 2864 δ’
740 2821 794 2866 ἄν
828 2823 874 2864 τὸ
905 2820 1034 2876 μέσον
1065 2826 1374 2877 στρωφήσομαι,
1409 2822 1506 2866 οὐδέ
1525 2840 1573 2878 με
1599 2824 1752 2875 πείσεις

534 2895 628 2937 οὔτε
660 2911 701 2937 τι
731 2898 786 2950 μὴ
820 2895 960 2938 πίνειν
990 2896 1083 2937 οὔτε
1114 2893 1210 2950 λίην
1238 2896 1428 2950 μεθύειν.

311 3003 340 3047 ¹)
375 3006 422 3040 cr.
452 3006 570 3041 welch.
593 2992 708 3051 [2¹2⁹
731 3009 769 3042 aa
793 3018 837 3043 vs.
861 3009 955 3043 ¹008.
