1898 3386
882 228 938 275 39

174 361 354 410 Videtur
367 360 472 408 mihi
488 367 613 421 poeta
629 360 838 420 cogitasse
855 359 1152 406 Mimnermum
1169 360 1381 407 dicentem
1397 360 1542 420 fragm.
1555 360 1595 416 2,
1607 360 1647 406 5:

691 437 826 488 Κῆρες
857 432 900 475 δὲ
932 437 1212 489 παρεστήκασι
1243 431 1471 487 μέλαιναι,

432 510 459 560 ἠ
487 508 563 561 μὲν
596 505 747 562 ἔχουσα
777 504 894 554 τέλος
924 504 1312 561 γήραοςαργαλεόυ
1327 541 1346 563 ,

377 583 402 633 η’
431 577 471 622 δ’
501 577 619 634 ἑτέρη
650 581 872 622 θανάτοιο·

874 807 947 853 IV.

229 953 445 1012 Quidquid
476 953 520 997 in
551 953 633 998 hoc
667 952 804 1011 eapite
836 950 1052 1005 invenies,
1085 951 1264 996 candido
1297 965 1345 996 ao
1375 958 1494 1010 grato
1511 950 1652 996 animo

169 1030 304 1075 fateor
346 1040 415 1071 me
459 1025 586 1083 longe
626 1024 851 1069 maximam
880 1030 1044 1082 partem
1074 1023 1247 1082 petiisse
1278 1037 1300 1067 e
1333 1022 1501 1081 Bergkii
1533 1023 1648 1067 Poet.

170 1100 265 1160 Lyr.
301 1098 370 1145 Gr.
403 1098 468 1143 ed.
502 1097 570 1141 III.
619 1096 765 1153 Itaque
811 1095 917 1140 nihil
949 1095 1062 1140 aliud
1092 1095 1288 1140 fecissem
1318 1107 1446 1152 quam
1476 1094 1528 1139 ad
1550 1094 1655 1139 illud

171 1169 534 1232 pretiosissimum
564 1183 672 1227 opus
703 1168 984 1226 relegassem‚
1019 1167 1055 1212 si
1085 1167 1353 1226 propositum
1374 1166 1651 1226 permisisset.

170 1243 246 1289 His
276 1242 451 1288 monitis
482 1255 551 1286 me
582 1253 669 1286 non
700 1241 832 1299 pudet
863 1254 886 1285 e
917 1247 1004 1284 tam
1035 1239 1209 1298 copioso
1238 1239 1354 1284 fonte
1385 1238 1568 1284 haurire.

172 1315 220 1361 In
237 1314 458 1374 superiore
474 1313 611 1372 capite
627 1312 855 1358 habuimus
873 1313 1158 1370 fragmentum
1174 1310 1353 1365 Solonis,
1365 1326 1425 1356 vs.
1439 1309 1652 1356 1253—4.

174 1386 319 1433 Soloni
364 1384 514 1430 tribuit
559 1384 751 1430 Hermias
789 1384 833 1429 in
864 1384 1039 1428 Phaedr.
1074 1397 1114 1442 p.
1148 1382 1204 1427 78
1235 1383 1298 1427 ed.
1331 1382 1419 1427 Ast.
1452 1381 1656 1428 Eiusdem

174 1465 327 1519 poetae
372 1463 473 1503 sunt
516 1470 576 1501 vs.
624 1455 824 1501 585-90
854 1451 897 1501 et
929 1453 1149 1509 227-32,
1192 1454 1455 1514 pertinentes
1487 1455 1541 1499 ad
1572 1455 1656 1500 ele-

174 1530 287 1590 giam
333 1541 461 1587 quam
505 1534 639 1573 totam
685 1528 764 1573 sub
811 1528 1009 1572 lemmate
1042 1526 1208 1572 Solonis
1240 1526 1361 1572 affert
1391 1525 1506 1572 Stob.
1543 1526 1653 1572 Flor.

174 1603 256 1658 IX,
303 1601 371 1648 25.
420 1600 604 1646 Versum
647 1599 732 1644 227
779 1598 944 1644 Solonis
976 1613 1070 1644 esse
1107 1599 1255 1644 dicunt
1284 1598 1456 1644 Aristot.
1489 1598 1575 1645 Pol.
1608 1598 1653 1653 I,

171 1673 227 1729 3,
260 1673 287 1720 9
298 1689 310 1730 ;
341 1674 447 1718 Plut.
481 1673 534 1718 de
564 1686 660 1731 cup.
693 1671 808 1717 divit.
841 1671 897 1726 4;
930 1670 1051 1716 Basil.
1085 1670 1135 1716 Μ.
1168 1671 1220 1716 de
1250 1671 1328 1729 leg.
1362 1670 1515 1717 Gentil.
1546 1672 1582 1717 II
1610 1686 1652 1731 p.

170 1745 268 1794 183.
330 1746 455 1805 Apud
487 1744 715 1790 Stobaeum
745 1750 811 1789 est
840 1757 992 1802 magna
1021 1743 1201 1789 varietas
1233 1743 1492 1798 lectionum,
1526 1756 1654 1802 quam

172 1810 382 1866 indicabo.
430 1817 538 1863 Utor
583 1816 769 1861 editione
814 1815 1117 1861 Teubneriana.
1164 1815 1362 1861 Ceterum
1401 1829 1489 1861 non
1523 1817 1656 1876 negli-

171 1892 358 1952 gendum
399 1896 464 1935 est
510 1903 572 1934 vs.
619 1887 820 1934 585—90
860 1888 912 1933 ab
946 1888 1096 1933 eodem
1127 1886 1241 1933 Stob.
1276 1888 1389 1942 CXI,
1422 1886 1478 1933 16
1509 1887 1651 1935 afferri

173 1964 254 2010 sub
283 1964 482 2009 lemmate
512 1960 773 2019 Theognidis
790 1997 800 2014 ,
833 1974 931 2005 cum
964 1973 1092 2019 parva
1123 1959 1317 2005 lectionis
1348 1959 1644 2020 discrepantia.

233 2034 361 2095 (585)
393 2034 534 2078 Πᾶσίν
566 2049 630 2075 τοι
649 2032 685 2091 1)
717 2031 915 2082 κίνδυνος
946 2030 1012 2074 ἐπ’
1043 2031 1269 2088 ἔργμασιν,
1302 2031 1398 2074 οὐδέ
1427 2050 1492 2083 τις
1516 2029 1630 2078 οἶδεν

434 2112 492 2162 πῇ
519 2109 682 2162 σχήσειν
711 2104 852 2160 μέλλει
876 2109 1116 2161 πρήγματος
1146 2103 1377 2161 ἀρχομένου
1404 2104 1461 2163 2).

375 2177 472 2221 ἀλλ’
500 2179 526 2220 ὁ
550 2179 627 2233 μὲν
659 2176 890 2233 εὐδοκιμεῖν
909 2178 946 2237 3)
978 2178 1251 2233 πειρώμενος,
1284 2176 1332 2219 οὐ
1363 2182 1595 2234 προνοήσας

432 2251 474 2300 ἐς
503 2248 688 2306 μεγάλην
717 2252 827 2305 ἄτην
859 2253 930 2292 καὶ
963 2247 1148 2307 χαλεπὴν
1180 2249 1340 2292 ἔπεσεν·
1542 2300 1547 2302 p

373 2327 432 2378 τῷ
465 2322 510 2364 δὲ
543 2324 681 2372 κακῶς
711 2327 900 2366 ποιεῦντι
916 2322 955 2381 ⁴)
981 2324 1079 2371 θεὸς
1109 2323 1202 2378 περὶ
1232 2325 1374 2364 πάντα
1398 2321 1571 2378 τίθησιν
1590 2324 1627 2382 ⁵)

435 2394 664 2451 συντυχίην
694 2393 865 2449 α’γαθήν
882 2426 893 2441 ,
927 2393 1097 2437 ἔκλυσιν
1125 2393 1373 2449 ἀφροσύνης.

232 2467 358 2527 (227)
390 2465 587 2510 Πλούτου
616 2465 656 2508 δ’
688 2466 811 2509 οὐδὲν
843 2465 971 2521 τέρμα
1001 2464 1267 2521 πεφασμένον
1292 2465 1652 2526 ἀνθρώποισινθ)

431 2540 474 2580 οἳ
503 2540 580 2593 γὰρ
612 2542 688 2582 νῦν
718 2541 835 2593 ήμῶν
853 2538 891 2597 ⁷)
921 2537 1115 2581 πλεῖστον
1145 2537 1283 2595 ἔχουσι
1316 2538 1411 2595 βίον
1429 2569 1441 2590 ,

379 2609 600 2654 διπλάσιον
617 2610 657 2670 ⁸)
689 2611 925 2654 σπεύδουσι·
950 2612 1014 2660 τίς
1043 2613 1100 2654 ἂν
1129 2609 1332 2665 κορέσειεν
1360 2610 1584 2664 &navt-019,-

439 2686 625 2739 χρήματά
640 2683 678 2742 ⁹)
711 2700 776 2727 τοι
807 2687 983 2740 θνητοῖς
1013 2684 1204 2736 γίγνεται
1234 2682 1458 2739 ἀφροσύνη·
1476 2682 1532 2741 ¹⁰)

219 2868 246 2912 ¹)
283 2870 370 2903 Stob.
403 2871 489 2903 πᾶσι
523 2870 587 2908 δὴ
622 2863 697 2916 ὒῇ
734 2872 858 2912 μέλλει
895 2874 1039 2915 σχήσειν
1074 2873 1258 2916 χρήματος
1291 2871 1511 2917 &elaphum
1549 2872 1579 2915 8)
1617 2863 1658 2907 εὖ

173 2925 317 2970 fodcum
339 2926 369 2970 ⁴)
394 2925 558 2971 ἔρδοντιε
582 2925 614 2970 ⁵)
640 2928 789 2968 δι’δωσις
813 2930 842 2973 ⁶)
868 2930 1020 2974 ἀνδράσι
1044 2935 1189 2968 nectam
1214 2928 1246 2973 ⁷)
1258 2929 1442 2974 ἡμέωνςθ)
1457 2930 1661 2970 διπλασίως-ς

131 2998 138 3004 ’
174 2984 204 3028 ⁹)
247 2983 402 3028 κέρδεας
427 2983 469 3028 ¹⁰)
493 2983 640 3019 ὤπασαν
663 2986 741 3020 ἀθά
743 2999 844 3020 rrrrr
856 2997 864 3025 3
