1898 3386
879 248 932 294 41

167 378 415 424 Mimnermo
460 377 778 432 tribuerentur,
829 384 970 423 tamen
1015 393 1142 425 nemo
1174 379 1387 426 dubitaret
1418 394 1516 426 cum
1541 380 1643 426 viris

164 452 302 499 doctis
346 458 580 509 utrumque
620 451 835 496 distichon
877 458 1100 510 poetarum
1134 451 1418 510 elegiacorum
1447 452 1523 498 uni
1553 467 1644 498 om-

164 525 284 569 nium
314 523 571 568 hilarissimo
602 523 827 567 vindicare.
876 523 1041 567 Nullius
1076 522 1139 568 rei
1171 524 1287 568 huno
1312 530 1484 582 poetam
1504 525 1640 584 magis

165 596 306 641 taedet
345 608 473 652 quam
517 595 786 653 pubertatem
828 594 913 639 cito
943 594 1113 652 fugere,
1145 607 1279 651 quum
1311 597 1491 641 molesta
1522 611 1643 643 sene-

164 674 259 712 ctus
306 667 422 712 omni
469 667 684 725 voluptate
732 674 884 711 eareat.
947 667 1173 724 Propterea
1222 667 1526 714 verisimillima
1573 676 1640 715 est

163 738 330 798 Bergkii
346 738 591 784 coniectura
610 738 860 783 Mimnermo
876 738 1179 784 adiudicandos
1195 753 1290 784 esse
1307 754 1368 784 vs.
1391 739 1640 788 1129—32:

365 811 618 865 Ἐμπίομαι.
653 812 799 865 πενίης
829 815 1106 866 θυμοφθόρον
1132 811 1180 852 οὐ
1210 810 1494 864 μελεδαίνων,

424 883 511 925 οὐδ’
545 882 713 938 ἀνδρῶν
740 885 904 939 ἐχθρῶν
923 914 933 928 ,
957 885 1001 924 οἵ
1025 901 1073 937 με
1101 882 1266 935 λέγουσι
1299 886 1453 933 κακῶς,

364 953 457 996 ἀλλ’
487 958 594 1012 ἣβην
626 957 778 1009 ἐρατὴν
802 953 1056 1010 ὀλοφύρομαι
1075 989 1088 1008 ,
1121 957 1145 1008 η’
1176 956 1217 1009 μ’
1252 954 1477 1009 ἐπιλείπει,

421 1026 552 1069 κλαίω
578 1027 614 1069 δ’
646 1025 853 1081 ἀργαλέον
883 1032 1011 1082 γῆρας
1041 1029 1329 1084 ἐπερχόμενον.

161 1101 268 1146 Cum
298 1100 377 1145 hac
407 1099 617 1145 sententia
653 1099 898 1157 congruunt
928 1114 987 1144 vs.
1020 1099 1274 1145 1017—22:

364 1172 541 1215 Αὐτίκα
570 1188 640 1226 μοι
672 1174 781 1214 κατὰ
806 1174 883 1226 μὲν
911 1174 1053 1228 χροιὴν
1085 1171 1167 1228 ῥέει
1190 1174 1369 1222 ἄσπετος
1397 1172 1543 1228 ἱδρώς.

426 1246 635 1298 πτοιῶμαι
667 1243 704 1285 δ’
739 1245 890 1299 ἐσορῶν
921 1247 1058 1292 ἄνθος
1091 1242 1308 1299 ὁμηλικίης

363 1319 540 1371 τερπνὸν
571 1319 678 1371 ὁμῶς
711 1319 781 1357 καὶ
817 1315 972 1376 καλόν,
1003 1317 1090 1358 ἐπεὶ
1122 1315 1251 1359 πλέον
1283 1316 1441 1371 ὤφελεν
1470 1314 1597 1361 εἶναι·

421 1387 515 1430 ἀλλ’
541 1388 828 1445 ὀλιγοχρόνιον
860 1389 1050 1440 γίγνεται
1081 1387 1218 1443 ὥσπερ
1246 1391 1349 1444 ὄναρ

365 1463 446 1519 ἥβη
476 1465 686 1515 τιμήεσσα·
721 1462 766 1502 τὸ
788 1458 833 1501 δ’
862 1459 1088 1514 οὐλόμενον
1118 1463 1190 1501 καὶ
1220 1462 1411 1516 ἄμορφον

421 1533 557 1590 αὐτίχ’
589 1533 691 1588 ὑπὲρ
724 1531 904 1586 κεφαλῆς
935 1537 1063 1587 γῆρας
1093 1531 1414 1587 ὑπερκρέμαται.

160 1606 276 1659 Quos
325 1605 562 1651 Mimnermi
607 1619 701 1650 esse
747 1604 972 1650 confirmat
1011 1603 1125 1649 Stob.
1159 1603 1308 1658 CXVI,
1340 1603 1423 1658 34,
1456 1603 1530 1650 ubi
1564 1605 1644 1650 sub

162 1681 360 1726 lemmate
402 1677 655 1733 Μιμνέρμου
699 1680 903 1726 Ναννοῦς
942 1677 1227 1735 fragmentum
1267 1676 1443 1722 affertur
1482 1676 1553 1722 cui
1582 1692 1642 1723 vs.

163 1750 392 1798 1017—19
423 1751 604 1804 desunt,
637 1757 680 1795 et
710 1750 754 1794 in
785 1763 871 1807 quo
892 1755 991 1806 post
1018 1748 1325 1804 ὑπερκρέμαται
1357 1748 1578 1806 sequitur:

364 1825 517 1881 ἐχθρὸν
547 1825 655 1878 ὁμῶς
686 1822 753 1864 καὶ
777 1825 958 1876 ἄτιμον.
991 1821 1053 1863 ὅτ’
1077 1823 1295 1874 ἄγνωστον
1327 1825 1445 1864 τιθεῖ
1469 1821 1631 1878 ἄνδρα,

420 1894 597 1953 βλάπτει
624 1895 662 1937 δ’
691 1893 936 1949 ὀφθαλμούς
963 1897 1034 1935 καὶ
1062 1897 1161 1936 νόον
1191 1891 1447 1950 οἷμφιχυθέν.

161 1969 223 2014 Ex
253 1969 403 2016 eodem
429 1975 624 2027 poemate
655 1965 770 2013 Stob.
802 1967 886 2021 XI,
919 1967 940 2011 1
970 1966 1131 2024 profert
1160 1979 1221 2011 vs.
1250 1964 1477 2013 1227—8:

648 2040 864 2095 Ἀληθείη
895 2039 939 2081 δὲ
970 2038 1159 2095 παρέστω

369 2116 431 2156 σοὶ
462 2116 532 2155 καὶ
566 2114 678 2167 ε’μοί,
712 2117 885 2156 πάντων
919 2118 1051 2168 χρῆμα
1082 2111 1366 2154 δικαιότατον.

161 2186 377 2239 Quantum
426 2185 724 2231 Mimnermum
766 2184 976 2243 intelligo,
1019 2184 1063 2228 id
1093 2183 1186 2229 eius
1217 2182 1439 2241 proprium
1472 2189 1562 2236 est,
1594 2190 1644 2229 ut

161 2272 249 2304 non
297 2264 410 2303 amet
455 2259 715 2315 voluptatem
747 2257 829 2302 nisi
859 2270 958 2301 eum
989 2255 1145 2300 virtute
1178 2255 1464 2301 coniunctam.
1497 2255 1644 2313 Itaque

160 2330 342 2377 coniioio
373 2330 671 2375 Mimnermum
700 2329 852 2375 fecisse
881 2343 940 2374 vs.
974 2327 1202 2373 789--921

364 2406 440 2455 Μή
471 2401 573 2444 ποτέ
602 2418 673 2456 μοι
699 2400 910 2456 μελέδημα
936 2403 1138 2456 νεώτερον
1162 2398 1268 2441 ἄλλο
1295 2400 1448 2454 φανείη

420 2474 516 2517 ἄντ’
546 2475 692 2530 ἀρετῆς
722 2475 867 2529 σοφίης
895 2473 958 2523 τ’,
995 2471 1104 2514 ἀλλὰ
1134 2471 1218 2515 τόδ’
1252 2473 1345 2514 αι’ὲν
1377 2471 1483 2528 ἔχων

363 2548 589 2603 τερποίμην
621 2550 817 2602 φόρμιγγι
853 2550 923 2587 καὶ
952 2545 1151 2602 ὀρχηθμῷ
1183 2545 1253 2585 καὶ
1277 2543 1421 2598 οἷοιδῇ,

421 2623 492 2663 καὶ
517 2622 622 2675 μετὰ
650 2622 735 2662 τῶν
764 2620 944 2671 οἷγαθῶν
976 2616 1130 2659 ἐσθλὸν
1162 2616 1296 2672 ἔχοιμι
1327 2619 1440 2659 νόον.

162 2691 248 2738 Nec
293 2691 413 2737 facile
451 2692 678 2750 quisquam
723 2691 975 2737 infitiabitur
1018 2689 1120 2735 huic
1155 2688 1326 2734 virtutis
1357 2688 1642 2735 aestimationi

161 2763 219 2809 ita
250 2764 506 2809 contrariam
534 2778 629 2810 esse
645 2801 655 2818 ,
687 2771 737 2809 ut
765 2778 789 2809 a
813 2763 986 2821 parodia
1016 2775 1168 2820 parum
1189 2759 1376 2814 differat,
1406 2775 1500 2807 eam
1532 2775 1642 2820 quae

162 2836 318 2896 legitur
347 2850 406 2881 vs.
439 2834 660 2881 567—70:

363 2907 486 2966 “Ηβῃ
513 2911 760 2964 τερπόμενος
788 2909 926 2958 παίζω
971 2907 1096 2962 δηρὸν
1123 2907 1200 2961 γὰρ
1233 2905 1407 2960 ἔνερθεν

422 2985 495 3034 γῆς
523 2979 669 3030 ὀλέσας
694 2984 838 3038 ψυχὴν
868 2981 1052 3035 κείσομαι
1083 2979 1185 3021 ὥστε
1207 2977 1329 3027 λίθος
