1898 3386
908 224 963 270 17

396 351 544 408 Τόλμα
561 387 571 406 ,
604 356 740 410 Κύρνε
760 387 769 405 ,
805 358 995 397 κακοῖσιν
1010 385 1020 400 ,
1058 356 1146 397 ἐπεὶ
1176 353 1423 399 κᾶσθλοῒσιν
1440 355 1610 413 1ἔχαιρες
1626 388 1639 408 ,

453 420 544 468 εὖτέ
571 441 613 469 σε
637 429 710 469 καὶ
735 429 892 470 τούτων
923 426 1030 482 μοῖρ’
1054 425 1284 484 ἐπέβαλλεν
1315 427 1441 484 ἔχειν·

401 498 456 547 ὥς
474 497 520 540 δέ
540 516 615 554 περ
635 499 678 548 ἐξ
695 499 874 551 ἀγαθῶν
893 498 1040 556 ἔλαβες
1056 503 1185 542 κακόν
1199 533 1209 552 ,
1227 502 1283 550 ὣς
1299 499 1432 543 δὲκαὶ
1452 495 1570 550 αὖτις

458 570 630 615 ἐκδῦναι
662 575 790 628 πειρῶ
803 605 813 624 ,
844 576 1006 615 θεοῖσιν
1037 574 1322 630 ἐπευχόμενος.

901 716 962 762 II.

249 856 292 902 Si
317 858 412 915 quis
441 866 506 905 est
532 860 605 917 qui
627 859 886 918 Theognidis
901 859 1133 919 elegiarum
1150 861 1515 907 adumbrationem
1534 874 1674 906 meam

190 928 367 975 forsitan
394 932 641 990 perlegerit,
669 933 784 977 hunc
814 933 1485 980 benevolentissimumlectorem
1501 957 1557 966 —
1574 928 1673 977 nam

187 1011 553 1061 programmatum
617 1005 987 1059 commentariola,
1046 1006 1255 1065 imprimis
1314 1007 1442 1052 latine
1489 1005 1646 1064 scripta
1660 1040 1672 1059 ,

187 1088 385 1133 magnam
425 1084 589 1136 partem
627 1092 726 1122 cum
758 1077 1130 1124 dissertationibus
1162 1078 1205 1124 id
1236 1093 1463 1125 commune
1494 1078 1671 1132 habent,

190 1157 239 1195 ut
286 1164 310 1195 a
351 1149 565 1207 plerisque
609 1150 886 1195 humanitatis
938 1151 1003 1195 vel
1049 1150 1157 1209 grati
1209 1151 1339 1196 animi
1387 1165 1513 1196 causa
1544 1151 1675 1195 bene-

191 1222 284 1267 vole
330 1221 612 1281 inspiciantur
653 1230 696 1267 et
735 1223 1042 1282 aliquantisper
1072 1223 1270 1282 religiose
1301 1223 1470 1269 schedis
1502 1223 1672 1268 intactis

189 1294 359 1339 cultello
392 1301 643 1348 serventur,
685 1295 821 1340 donec
854 1302 951 1340 eant
982 1295 1096 1340 unde
1125 1295 1264 1340 redire
1294 1296 1410 1340 nefas
1439 1321 1498 1328 —
1528 1296 1672 1350 hunc,

186 1365 386 1422 inquam,
435 1374 632 1425 rogatum
671 1367 796 1412 velim
828 1374 877 1411 ut
906 1381 1004 1412 cum
1035 1367 1241 1425 proximis
1274 1367 1467 1412 versibus
1499 1380 1673 1427 compo-

186 1444 255 1482 nat
312 1452 361 1483 ea
419 1451 527 1496 quae
579 1439 896 1497 Theognideam
940 1439 1193 1498 farraginem
1237 1439 1394 1497 legenti
1440 1448 1673 1486 occurrunt

186 1523 247 1554 vs.
280 1505 392 1555 257:
1273 1568 1275 1570 Ι

387 1581 544 1632 εἸτινπος
577 1570 658 1635 ε’)ἶὼ
690 1581 797 1637 καλὴ
832 1586 904 1625 καὶ
935 1581 1114 1638 deni-in,
1148 1581 1257 1624 ἀλλὰ
1289 1586 1485 1626 κάκιστον
1528 1602 1534 1611 ’

442 1654 582 1711 ἄνδρα
612 1654 745 1710 φέρω,
776 1656 849 1697 καί
876 1672 948 1710 μοι
974 1654 1087 1698 τοῦτ’
1118 1655 1416 1710 ἀνιηρότατον·

397 1726 577 1769 πολλάκι
609 1726 648 1769 δ’
678 1726 889 1783 ἠμέλλησα
915 1727 1171 1783 διαρρήξασα
1202 1726 1377 1784 χαλινόν

447 1802 615 1854 φεύγειν
635 1831 646 1852 ,
683 1799 877 1855 ὠσαμένη
911 1802 984 1843 τὸν
1017 1801 1148 1843 κακὸν
1180 1801 1365 1856 ἡνίοχον.

187 1871 264 1917 Est
292 1871 478 1917 inversio
510 1872 612 1918 satis
643 1879 800 1931 aperta.
851 1873 957 1918 Nam
987 1873 1060 1930 qui
1091 1872 1398 1931 rempublicam
1431 1872 1515 1918 dici
1541 1873 1672 1919 inter-

184 1951 375 2002 pretatus
407 1951 472 1990 est
501 1959 589 1990 non
621 1944 802 1989 attendit
826 1945 879 1990 ad
894 1945 1073 1990 verbum
1090 1947 1271 1999 φεύγειν.
1302 1945 1415 2003 Ergo
1432 1945 1668 2004 Theognis,

183 2015 258 2060 ubi
288 2016 474 2075 Cyrnum
505 2017 557 2062 de
589 2016 819 2062 virtutibus
850 2025 893 2063 et
923 2017 1036 2062 vitiis
1067 2017 1291 2062 hominum
1322 2017 1548 2072 admonet,
1581 2032 1668 2065 non

185 2094 352 2133 tantum
401 2089 707 2148 rempublicam
758 2102 953 2147 quaeque
1001 2090 1054 2135 ad
1103 2104 1197 2135 eam
1238 2089 1475 2148 pertinent,
1520 2105 1668 2137 verum

185 2159 313 2205 etiam
343 2174 435 2206 rem
466 2161 714 2207 amatoriam
746 2169 919 2220 spectat.
970 2161 1138 2207 Scilicet
1166 2162 1246 2207 ista
1273 2162 1532 2208 mutabilitas
1548 2177 1669 2209 men-

166 2232 263 2286 ,tis,
291 2233 420 2279 rebus
448 2234 717 2287 subiunctae‚
747 2241 917 2292 poetam
947 2249 999 2280 eo
1032 2234 1207 2279 adduxit
1237 2240 1288 2278 ut
1317 2234 1361 2277 in
1391 2248 1521 2279 usum
1551 2235 1668 2281 iuve-

185 2304 252 2350 nis
300 2305 426 2350 amici
470 2306 605 2351 varias
644 2321 713 2352 res
744 2313 955 2351 tractaret.
1007 2307 1143 2352 Huius
1173 2306 1235 2351 rei
1266 2319 1393 2350 causa
1421 2306 1473 2351 de
1502 2306 1666 2353 ratione

187 2389 271 2433 qua
302 2376 399 2434 quis
430 2378 743 2436 elegantissime
775 2379 892 2424 bibat
923 2385 965 2423 et
988 2378 1296 2424 humanissime
1312 2378 1456 2424 ebrius
1474 2378 1529 2423 sit
1546 2393 1668 2438 prae-

188 2454 310 2506 cepta
355 2449 511 2494 dantur
556 2465 615 2495 vs.
664 2449 888 2505 413-14;
938 2450 1140 2495 467—74
1154 2466 1163 2505 3
1209 2449 1381 2496 503—ss
1395 2465 1406 2504 3
1451 2449 1664 2499 837—40.

185 2518 403 2571 Summam
432 2521 741 2567 humanitatem
771 2522 1033 2567 admiramur
1060 2537 1120 2568 vs.
1154 2521 1380 2567 1041—‘22

385 2593 494 2638 Huic
524 2609 600 2653 age
633 2595 816 2653 ploranti
846 2609 924 2640 nos
960 2595 1145 2640 molliter
1173 2595 1408 2641 arridentes

442 2666 646 2712 exhilaret
676 2667 793 2725 largo
826 2667 928 2712 tibia
961 2667 1105 2712 iuncta
1135 2681 1267 2712 mero.

183 2734 295 2786 Quin
337 2749 421 2793 quo
453 2737 654 2796 frugalior
683 2746 725 2783 et
757 2739 1026 2784 exercitatior
1057 2739 1222 2797 Cyrnus
1254 2739 1450 2784 evaderet
1481 2753 1504 2785 e
1538 2739 1665 2785 disci-

183 2806 319 2865 plina,
362 2807 575 2866 Theognis
619 2810 753 2868 plebis
799 2818 1068 2869 contemptor
1111 2824 1289 2868 magnos
1338 2811 1515 2869 spiritus
1548 2812 1664 2857 alens

185 2879 346 2936 aliquot
375 2880 530 2939 elegias
547 2917 557 2934 ,
588 2881 633 2926 in
652 2882 808 2939 quibus
828 2883 1074 2928 meretrices
1099 2889 1142 2927 et
1166 2882 1456 2941 paedicatores
1489 2883 1666 2929 induce-

185 2958 360 3007 rentur,
395 2952 548 2999 ceteris
578 2953 824 3000 inserendas
856 2969 950 3001 esse
976 2954 1155 3001 censuit.
1173 2954 1337 3001 —Vid.
1355 2969 1415 3000 vs.
1432 2954 1662 3011 261—66;
