1898 3386
888 246 944 291 45

260 371 345 419 647
374 372 496 429 ”Ηδη
526 377 601 418 νῦν
633 374 762 427 αῗδὼς
789 378 866 431 μὲν
899 378 944 419 ἐν
970 377 1261 432 ἀνθρώποισιν
1294 376 1449 421 ὄλωλεν
1468 411 1477 429 ‚

435 446 566 503 αὐτὰρ
598 446 793 504 ἀναιδείη
823 451 952 501 γαῖαν
985 448 1286 505 ἐπιστρέφεται.

170 517 387 579 Compone
416 534 476 565 νε.
512 518 591 565 291
601 518 713 566 —92
728 555 741 575 ‚
771 533 880 579 quos
911 520 956 566 in
985 521 1124 580 primo
1151 521 1287 581 capite
1321 534 1362 580 p.
1394 520 1421 568 9
1451 521 1622 570 adduxi.

258 735 345 783 409
377 734 542 778 Οὐδένα
571 737 787 791 θησαυρὸν
819 739 966 780 παισὶν
993 741 1213 795 καταθήσῃ
1239 737 1395 792 οἷμείνω

429 807 571 858 αἰδοῦς
602 808 667 862 ἣτ’
697 808 879 861 ἀγαθοῖς
908 809 1085 866 ἀνδράσι
1102 843 1116 864 ,
1142 809 1276 866 Κύρν’
1294 844 1307 865 ,
1338 811 1501 858 ἕπεται.

228 879 337 927 1161
375 879 541 924 Οὐδένα
571 883 788 937 θησαυρὸν
820 886 1081 937 καταθήσειν
1109 885 1257 927 παισὶν
1288 885 1480 939 ἄμεινον·

431 955 619 996 αι’τοῦσιν
651 952 690 995 δ’
715 953 898 1007 ἀγαθοῖς
927 954 1131 1012 α’νδράσι,
1166 958 1328 1013 Κύρνε,
1364 956 1497 1002 δίδου.

170 1023 285 1072 Stob.
318 1024 476 1079 XXXI,
510 1024 566 1071 ’16

371 1096 537 1141 Οὐδένα
565 1101 781 1155 θησαυρὸν
814 1105 1075 1155 καταθήσεαι
1107 1100 1233 1145 ἔνδον
1266 1102 1417 1155 α’μείνω

429 1170 596 1223 αῖδοῦς,
630 1175 684 1225 ἣν
715 1173 897 1225 ἀγαθοῖς
925 1173 1128 1230 ἀνδράσι,
1158 1177 1319 1230 Κύρνε,
1352 1172 1486 1223 δίδως.

166 1387 255 1434 Nisi
301 1388 469 1448 egregie
519 1389 638 1435 fallor
681 1389 763 1435 iam
814 1404 865 1436 ex
896 1390 979 1436 hoc
1012 1390 1243 1436 summario
1271 1390 1549 1450 perspicuum
1580 1397 1645 1436 est

165 1460 522 1508 chrestomathiae
574 1469 794 1508 auctorem
838 1477 862 1507 e
905 1463 1071 1508 duabus
1119 1463 1268 1508 saltem
1302 1462 1647 1508 chrestomathiis

164 1533 371 1579 hausisse.
421 1533 502 1579 Sed
551 1541 720 1593 praeter
764 1534 1039 1594 repetitiones
1079 1535 1131 1579 ab
1163 1534 1399 1580 editoribus
1430 1541 1645 1592 receptas,

163 1606 399 1664 permultae
446 1612 546 1652 sunt
589 1606 634 1651 in
665 1605 884 1652 codicibus
901 1643 911 1660 ,
944 1620 1049 1664 quas
1080 1606 1351 1652 enumerabo.
1401 1606 1448 1651 In
1479 1613 1647 1653 tantum

163 1690 250 1724 non
283 1678 483 1724 omnibus
514 1686 580 1724 est
610 1679 807 1724 lectionis
840 1678 1135 1737 discrepantia.

174 1805 178 1806 ⁷
275 1764 336 1795 vs.
367 1749 540 1796 42—43
570 1751 615 1795 in
636 1750 837 1796 undecim
860 1750 981 1796 codd.
998 1756 1252 1809 repetuntur
1266 1757 1364 1809 post
1379 1764 1440 1797 vs.
1457 1750 1554 1798 108.

263 1836 336 1868 νε.
369 1821 541 1869 87-90
570 1823 615 1867 in
646 1823 793 1868 decem
819 1829 919 1881 post
952 1836 1014 1867 vs.
1046 1821 1174 1868 1082.

272 1907 332 1939 vs.
366 1893 539 1940 93—94
567 1894 612 1939 in
644 1895 679 1939 A
714 1894 856 1953 (Mut.)
887 1901 930 1939 et
958 1893 991 1939 O
1023 1893 1157 1952 (Vat.)
1192 1901 1290 1953 post
1321 1908 1380 1940 vs.
1413 1893 1540 1942 1082.

274 1979 334 2011 vs.
366 1965 567 2012 97--100
598 1967 644 2012 in
672 1967 819 2012 decem
851 1973 950 2025 post
980 1980 1040 2011 vs.
1075 1964 1201 2012 1164.

274 2051 334 2083 vs.
366 2037 596 2084 209—210
626 2039 670 2084 in
702 2039 737 2083 A
766 2045 864 2098 post
896 2053 956 2084 vs.
985 2036 1084 2082 332.

274 2124 334 2155 vs.
365 2109 596 2157 367—368
626 2111 672 2155 in
719 2110 752 2156 0
798 2117 897 2168 post
935 2124 996 2154 vs.
1028 2108 1163 2163 1182,
1195 2109 1240 2155 in
1270 2108 1305 2153 K
1337 2107 1460 2167 (Ven.
1492 2107 1639 2167 Marc.)

274 2188 372 2239 post
408 2182 522 2228 1186
539 2198 549 2238 ;
581 2182 625 2227 in
656 2183 690 2226 A
720 2182 863 2227 versui
895 2181 1008 2226 1182
1039 2181 1359 2240 subiunguntur
1389 2195 1449 2226 vs.
1467 2178 1641 2226 1185-—

271 2252 410 2308 1186,
446 2261 539 2300 tum
568 2261 822 2313 repetuntur
851 2268 911 2299 vs.
943 2252 1172 2299 367-368
1189 2289 1199 2307 ,
1231 2253 1299 2298 his
1317 2251 1638 2311 subiunguntur

271 2340 331 2371 vs.
366 2325 666 2371 1183—1184.

271 2412 331 2443 vs.
365 2397 596 2443 415--418
626 2398 671 2442 in
702 2397 770 2443 AO
800 2404 898 2456 post
934 2411 994 2442 νε.
1024 2396 1150 2442 1164.

270 2483 331 2515 νε.
363 2469 593 2515 415-416
625 2469 670 2514 in
699 2470 734 2514 K
763 2476 862 2528 post
893 2483 952 2514 vs.
986 2467 1113 2514 1164.

269 2554 330 2587 vs.
360 2541 590 2586 441—446
620 2541 665 2586 in
694 2541 840 2586 nescio
874 2547 979 2599 quot
1010 2546 1108 2599 post
1138 2553 1198 2585 vs.
1231 2537 1357 2584 1162.

267 2628 327 2659 vs.
360 2613 588 2659 555--556
619 2613 663 2657 in
693 2612 826 2658 AKO
858 2619 957 2671 post
986 2627 1048 2658 vs.
1080 2610 1206 2657 1178.

266 2699 328 2730 νε.
359 2684 588 2739 571-572
619 2684 664 2729 in
693 2685 842 2729 decem
875 2690 974 2742 post
1003 2698 1063 2728 vs.
1095 2681 1222 2728 1104.

268 2771 328 2803 vs.
361 2755 591 2802 619—620
621 2756 666 2800 in
699 2769 771 2801 sex
800 2762 899 2815 post
922 2770 982 2801 vs.
1017 2754 1143 2800 1114.

266 2843 326 2874 vs.
356 2827 586 2874 853—854
615 2828 660 2872 in
691 2827 890 2873 omnibus
921 2834 1019 2885 post
1051 2841 1111 2872 vs.
1144 2825 1271 2872 1038.

265 2915 325 2945 vs.
357 2899 586 2946 877—878
616 2900 661 2944 in
691 2899 836 2945 nescio
867 2906 973 2959 quot
1002 2905 1100 2957 post
1130 2913 1190 2944 vs.
1223 2896 1349 2944 1070.

266 2987 327 3017 νε.
358 2971 587 3018 945-950
616 2972 660 3017 in
689 2972 723 3016 A
749 2978 847 3030 post
878 2986 938 3015 vs.
971 2969 1098 3015 1278.
