1898 3386
619 1039 1190 1106 APPENDIX.

225 1390 401 1438 Collatio
428 1392 587 1438 codicis
617 1392 892 1448 Mutinensis,
923 1407 1052 1453 quam
1068 1395 1323 1450 memoravi,
1341 1395 1526 1453 pertinet
1541 1410 1562 1441 a
1583 1410 1644 1441 vs.

169 1463 191 1508 1
223 1477 362 1523 usque
393 1465 446 1510 ad
477 1479 537 1510 vs.
571 1464 679 1520 528,
711 1480 735 1511 a
765 1481 824 1511 vs.
844 1464 958 1511 1032
975 1481 1115 1526 usque
1130 1467 1183 1512 ad
1199 1466 1339 1522 1038,
1357 1467 1648 1514 etavs.1054

168 1549 307 1595 usque
339 1536 392 1581 ad
417 1536 561 1582 finem.
593 1537 758 1583 Notabo
787 1538 1115 1597 discrepantiam
1139 1539 1356 1594 lectionis,
1376 1554 1485 1600 quae
1501 1547 1567 1586 est
1582 1540 1647 1585 in-

167 1615 233 1653 ter
264 1607 374 1653 hanc
414 1609 683 1655 collationem
716 1617 758 1655 et
790 1610 1023 1655 editionem
1052 1611 1340 1670 Bergkianam.
1372 1611 1465 1665 Quo
1495 1612 1648 1659 melius

167 1688 210 1726 et
239 1680 480 1727 accuratius
512 1682 617 1727 haec
649 1682 817 1728 collatio
849 1697 948 1728 cum
982 1683 1239 1742 Berylciana
1260 1684 1514 1738 collatione,
1537 1699 1646 1744 quae

168 1751 319 1797 maiori
348 1752 524 1798 editioni
556 1754 746 1800 subiecta
779 1762 872 1809 est,
904 1764 1208 1815 componatur,
1227 1771 1280 1801 ne
1300 1757 1534 1803 levissimas
1552 1757 1646 1817 qui-

168 1824 265 1870 dem
295 1838 365 1870 res
395 1826 603 1874 omittam.

197 1896 219 1941 1
258 1894 408 1952 λητοῦσ
436 1898 525 1948 υἱὲ,
558 1899 590 1943 Β
620 1902 785 1954 Λητοῦς
815 1900 879 1943 υἱέ
896 1933 910 1955 ,

194 1967 223 2014 3
254 1971 420 2026 πρῶτον
452 1987 521 2016 τε,
556 1971 587 2016 Β
619 1974 787 2027 πρῶτον
819 1975 862 2016 σὲ

199 2042 227 2088 5
257 2041 368 2098 λητώ
386 2075 396 2095 ,
431 2044 462 2088 Β
491 2047 649 2100 Λητὼ;
683 2045 845 2105 ubique
889 2046 1062 2092 nomina
1094 2046 1265 2105 propria
1297 2045 1549 2091 minusculis
1579 2045 1647 2090 lit-

1250 2118 1352 2163 teris
1386 2117 1643 2164 scribuntur.

197 2186 224 2232 6
256 2186 474 2243 ῥαδινῆισ,
505 2189 536 2234 Β
567 2189 740 2245 ῥαδινῆς

197 2258 222 2304 7
254 2260 350 2310 ἐπι,
385 2261 416 2306 Β
446 2262 543 2314 3712,-
572 2262 820 2320 τροχοείδεϊ,
855 2263 886 2307 Β
917 2262 1148 2319 τροχοειδέϊ

170 2330 220 2376 11
256 2331 367 2382 διὸς,
402 2333 433 2378 Β
462 2335 562 2384 Διός

173 2401 230 2448 12
260 2404 410 2457 εἴωθ’,
439 2406 471 2451 Β
501 2407 658 2459 abac&
688 2411 821 2461 θοῆσ,
858 2407 889 2452 Β
915 2411 1043 2457 θοαῖς

171 2475 226 2521 13
256 2477 366 2530 οἷπο,
395 2478 427 2523 Β
457 2479 540 2521 α’πὸ

170 2547 228 2593 14
255 2553 337 2592 θεᾶ
365 2558 572 2610 sequente
601 2565 769 2605 rasura,
805 2552 836 2596 B
862 2555 964 2606 θεά;
994 2552 1167 2607 μικρὸν,
1203 2553 1234 2596 Β
1265 2554 1436 2607 σμικρόν

169 2621 226 2666 17
259 2620 408 2673 καλὸν,
439 2624 471 2668 Β
501 2622 660 2676 καλῶς
691 2625 803 2674 ἐστὶ,
835 2624 867 2668 Β
897 2625 1006 2679 ἐστι’;
1038 2625 1148 2672 ἐστι’,
1186 2624 1216 2668 Β
1246 2624 1358 2666 ἐστίν

170 2691 229 2738 24
256 2693 442 2738 ἀστοῖσιν
471 2695 654 2748 δὀὔπω,·
683 2696 714 2741 Β
743 2697 882 2744 οέστοῖς
914 2696 1041 2740 τοῖσδ’
1073 2698 1187 2752 οὔπω
1201 2713 1216 2748 ,·
1248 2695 1366 2739 αδεῒν
1381 2728 1394 2749 ,
1430 2696 1462 2740 Β
1490 2694 1610 2737 ἁδεῖν

172 2764 229 2811 25
259 2769 536 2822 θαυμαστὸν,
574 2769 606 2814 Β
646 2771 924 2823 θαυμαστῶς
954 2768 1197 2823 πολυπαίδη
1245 2767 1308 2826 (et
1350 2768 1412 2814 Sic
1441 2767 1649 2826 ubique),

1343 2841 1375 2886 B
1405 2839 1651 2895 πολνπαΐῦη

170 2908 227 2955 29
261 2927 400 2954 πεπνυ
429 2927 476 2966 o,
508 2919 557 2958 ut
586 2912 698 2960 inter
728 2930 755 2956 v
785 2913 1131 2960 etolitteraosit
1146 2913 1190 2957 in
1209 2926 1378 2967 rasura,
1411 2912 1650 2964 Βπέπνυος

1131 2983 1314 3026 ἀδίκοισι
1333 3014 1345 3036 ,
1378 2985 1409 3030 Β
1440 2984 1649 3028 ἀδίκοισιν
