1898 3386
930 277 958 322 5

197 412 454 465 χρήσασθαι,
484 409 561 457 ὅσα
594 412 648 463 μὴ
680 411 768 464 εἰκῇ
798 407 1017 464 τρέφεται,
1061 406 1170 449 ἀλλὰ
1200 411 1305 461 μετὰ
1334 408 1483 465 τέχνης
1514 410 1672 454 ἕκαστα

197 482 476 535 θεραπεύεται
495 512 504 529 ,
542 482 652 531 ὅπως
680 482 736 530 ὥς
763 482 1043 534 γενναιότατα
1074 480 1255 526 ἔσονται.
1282 480 1456 536 δηλοῒδ’
1473 485 1517 526 ἐν
1535 483 1670 526 τοῖσδὲ

199 556 285 602 τοῖς
307 552 423 595 ἔπεσι

327 694 331 701 ”
374 696 529 751 Κριούς
557 698 635 749 μὲν
669 699 739 737 καὶ
770 699 892 745 ὄνους
926 694 1151 748 διζήμεθα,
1188 685 1347 751 Κύρνε,
1386 699 1455 739 καὶ
1489 699 1644 748 ἵππους

429 767 623 820 εὐγενέας
642 801 651 818 ,
689 769 761 810 καί
791 786 854 817 τις
884 766 1080 824 βούλεται
1112 768 1155 817 ἐξ
1184 768 1364 820 ἀγαθῶν

371 844 621 893 κτήσασθαι·
649 840 686 899 1)
720 846 848 895 γῆμαι
882 839 927 882 δὲ
961 842 1095 893 κακὴν
1126 844 1255 882 κακοῦ
1286 841 1334 882 οὐ
1365 840 1600 895 μελεδαίνει

426 911 574 961 ἐσθλὸς
603 913 729 967 ἀνήρ,
764 917 815 967 ἤν
847 930 911 961 τις
943 916 1131 969 χρήματα
1161 900 1448 969 πολλὰιδιδῷ,

367 983 461 1026 οὐδὲ
493 989 597 1039 γυνὴ
631 990 760 1028 κακοῦ
794 985 946 1039 ἀνδρὸς
973 985 1196 1028 ἀναίνεται
1228 989 1334 1030 εἶναι
1364 989 1528 1036 ἄκοιτις

423 1054 650 1110 πλουσίου,
680 1057 774 1100 ἀλλ’
808 1058 964 1112 ἀφνεὸν
1001 1056 1195 1115 βούλεται
1227 1058 1321 1101 οἷν-τ’
1354 1059 1535 1111 ἀγαθοῦ.

367 1133 555 1185 χρήματα
585 1133 663 1186 γὰρ
694 1133 855 1185 τιμῶσι’
888 1132 959 1172 καὶ
992 1131 1036 1170 ἐκ
1068 1133 1196 1171 κακοῦ
1232 1130 1381 1180 ἐσθλὸς·
1411 1131 1562 1186 ἔγημε,

430 1205 501 1244 καὶ
532 1204 658 1252 κακὸς
691 1203 734 1252 ἐξ
766 1203 948 1255 ἀγαθοῦ·
981 1201 1158 1252 πλοῦτος
1192 1202 1302 1257 ἔμιξε
1337 1203 1469 1255 γένος.

251 1345 496 1404 Theognide
543 1360 629 1404 quo
679 1360 794 1391 nunc
841 1345 1006 1390 utimur
1049 1353 1319 1404 comparato,
1354 1347 1546 1393 videmus
1580 1348 1674 1394 illos

188 1431 339 1462 versus
378 1418 505 1476 vulgo
546 1418 762 1463 numerari
792 1416 1032 1463 183—190.
1080 1419 1279 1464 Welcker
1311 1433 1411 1464 vero
1446 1420 1500 1464 ob
1532 1421 1673 1466 Xeno-

190 1489 364 1548 phontis
409 1491 536 1535 verha
582 1490 627 1534 in
674 1505 750 1535 sua
794 1490 980 1535 editione
1016 1492 1069 1536 ad
1109 1491 1279 1535 initium
1327 1505 1401 1536 eos
1443 1492 1671 1536 transtulit.

190 1560 422 1620 Apollinis,
480 1562 660 1616 Dianae,
721 1562 936 1607 Musarum
998 1563 1324 1622 Gratiarumque
1382 1563 1672 1610 invocationes

189 1639 234 1678 et
278 1632 437 1678 Phoebi
485 1634 654 1679 laudem
699 1635 752 1679 ad
792 1635 979 1680 carmina
1013 1624 1245 1680 convivalia
1274 1635 1482 1690 removit,
1515 1637 1670 1682 Dianae

189 1705 501 1751 invocationem
545 1706 644 1751 alibi
691 1706 864 1765 quidem
909 1707 1081 1766 posuit,
1115 1707 1190 1751 sed
1220 1707 1457 1765 Theognidi
1486 1708 1673 1755 adimere

187 1778 345 1823 vetitus
393 1784 459 1822 est
504 1778 556 1822 ab
586 1778 824 1824 Aristotele.
861 1779 938 1824 Hic
971 1779 1086 1824 enim
1117 1779 1213 1823 Eth.
1245 1779 1422 1824 Eudem.
1455 1780 1555 1834 VII,
1588 1781 1670 1835 10,

189 1848 240 1894 2'1
277 1849 406 1894 dicit:
440 1848 652 1907 ἐνδέχεται
683 1849 722 1892 δ’
753 1846 863 1894 εἶναι
893 1852 993 1906 ὅπερ
1024 1850 1134 1904 λέγει
1169 1850 1343 1903 Θέογνις

247 1993 427 2053 (11)aot
455 1995 532 2048 μὲν
565 1996 709 2049 τοῦτο,
743 1998 849 2049 θεά,
879 1997 1073 2051 σμικρόν,
1110 1995 1199 2049 ἐμοὶ
1231 1995 1275 2038 δὲ
1304 1994 1425 2049 μέγα.

240 2161 268 2204 ¹)
306 2162 382 2195 Mat.
413 2163 538 2196 exhibet
570 2164 779 2206 βήσεσθαι,
814 2169 946 2206 quatuor
977 2163 1069 2196 codd.
1091 2163 1208 2206 peiores
1234 2164 1453 2206 βήθεσθαι,
1478 2171 1580 2203 margo
1604 2162 1671 2195 Vat.

184 2220 278 2252 Palat.
315 2219 378 2253 102
407 2222 595 2260 βίνεσθαι.
619 2221 687 2254 Nisi
712 2222 819 2259 fallor,
842 2222 899 2254 hoc
924 2221 990 2254 vult
1014 2221 1185 2261 Theognis:
1211 2222 1341 2258 „arietes
1365 2220 1488 2263 quidem
1511 2225 1542 2252 et
1569 2221 1671 2252 asinos

182 2284 214 2311 et
238 2288 334 2321 equos
355 2278 530 2321 quaerimus
553 2278 687 2311 melioris
710 2284 821 2316 uotae,
842 2284 872 2311 et
885 2279 1014 2321 quisque
1037 2283 1177 2311 nostrum
1200 2278 1434 2320 cupitsenobili
1447 2287 1554 2318 genere
1565 2283 1670 2310 natum

182 2346 272 2373 esse,
303 2336 357 2368 sed
400 2345 524 2368 uxorem
547 2336 585 2369 de
607 2336 761 2378 plebecula
783 2336 893 2369 ducere
915 2336 1046 2369 nobilem
1070 2337 1169 2368 virum
1193 2346 1251 2368 non
1275 2336 1391 2378 pudet,
1415 2335 1583 2367 dummodo
1606 2345 1672 2367 ma-

182 2403 271 2435 gnam
306 2394 368 2426 vim
393 2394 538 2435 pecuniae
561 2394 591 2425 in
614 2394 717 2426 dotem
740 2394 902 2436 accipiat.''
937 2394 993 2426 Vix
1015 2399 1117 2426 autem
1137 2403 1215 2435 opus
1234 2398 1281 2426 est
1304 2393 1405 2425 dicere
1428 2393 1554 2425 verbum
1579 2396 1668 2435 κτή-

183 2452 318 2484 σασθαι
362 2451 440 2483 hanc
484 2452 667 2483 sententiam
720 2461 779 2483 non
812 2451 985 2484 admittere.
1030 2451 1240 2487 Camerarius,
1274 2451 1327 2492 qui
1358 2450 1430 2490 legit
1459 2450 1666 2492 βήσεσθαι,

182 2513 328 2542 annotat:
362 2511 466 2541 τοῦτ’
499 2507 597 2550 ἔστι,
633 2511 702 2547 πᾶς
731 2522 787 2547 τις
816 2510 938 2542 ἐθέλει
960 2511 1204 2552 ἐπιβήσεσθαι
1227 2508 1392 2550 ἀγαθοὺς
1417 2510 1489 2540 τῶν
1513 2508 1668 2550 ἀρρένων

182 2570 263 2603 ταῖς
287 2565 402 2599 αὑτοῦ
427 2567 559 2609 θήλεσι
574 2591 583 2607 ,
607 2572 642 2599 ut
666 2567 700 2604 ἐξ
726 2568 876 2609 ἀγαθῶν
899 2569 1033 2600 breviter
1055 2568 1173 2600 dictum
1197 2568 1238 2599 sit
1262 2577 1317 2609 pro
1341 2567 1374 2603 ἐξ
1392 2566 1540 2608 ἀγαθῶν
1563 2564 1670 2604 ὄντας

181 2621 324 2661 ἵππους.
365 2624 459 2664 Bergk
494 2625 572 2657 hanc
594 2625 755 2658 lectionem
777 2630 809 2658 et
833 2626 1114 2668 interpretationem
1139 2630 1256 2657 tuetur.
1294 2624 1400 2657 Merito
1423 2629 1526 2656 tamen
1548 2623 1670 2655 dubitet

181 2681 335 2724 quispiam
370 2691 443 2713 num
478 2682 568 2714 lectio
590 2692 660 2714 cum
684 2683 800 2715 ratione
825 2683 929 2715 Graeci
955 2684 1124 2719 sermonis,
1153 2682 1364 2724 interpretatio
1386 2691 1456 2713 cum
1480 2681 1666 2722 Theognidis

184 2740 335 2772 sententia
366 2744 527 2779 congruat.
560 2740 665 2772 Veram
698 2740 858 2773 lectionem
893 2746 968 2783 puto
1007 2741 1100 2773 latere
1134 2741 1164 2772 in
1200 2740 1334 2780 margine
1369 2739 1504 2772 Vaticani
1540 2744 1571 2771 et
1604 2750 1671 2772 esse

185 2797 376 2838 γίνεσθαι,
410 2797 492 2838 quod
526 2798 556 2829 in
590 2798 681 2832 codd.
715 2808 770 2840 pro
803 2800 998 2841 γίγνεσθαι
1029 2798 1121 2831 scribi
1145 2798 1240 2830 solere
1264 2807 1323 2831 non
1344 2802 1391 2830 est
1416 2797 1498 2839 quod
1523 2807 1670 2830 moneam.

181 2853 371 2895 Quamquam
402 2859 506 2886 autem
540 2856 616 2887 mihi
651 2865 831 2897 persuasum
865 2861 912 2888 est
936 2856 1122 2897 Theognidis
1146 2856 1330 2888 sententiam
1353 2855 1385 2886 id
1409 2855 1564 2896 postulare
1588 2855 1670 2897 quod

181 2912 275 2944 latine
296 2912 453 2953 expressi,
477 2917 578 2944 tamen
601 2923 660 2945 non
682 2923 776 2946 ausus
799 2915 926 2946 fuissem
951 2915 1100 2956 praesenti
1117 2915 1310 2956 γίγνεσθαι
1324 2913 1401 2945 hanc
1414 2913 1667 2953 significationem

183 2971 339 3006 tribuere,
362 2969 421 3001 nisi
443 2969 475 3001 in
498 2969 604 3012 steph.
629 2970 721 3003 Thes.
742 2971 791 3005 ed.
818 2971 908 3004 Dind.
933 2973 1114 3005 invenissem
1147 2971 1319 3014 exemplum
1341 2981 1358 3003 e
1382 2970 1440 3003 VV.
1464 2970 1524 3003 LL.
1540 2971 1665 3003 allatum

181 3029 375 3071 γίγνεσθαι
398 3028 574 3071 τυράννου
596 3028 745 3071 πατρός.
1560 3018 1569 3029 “
