1898 3386
998 271 1055 317 34

288 399 422 445 rixam
452 400 712 445 meministi:

319 470 474 532 (1283)
507 461 569 515 ³52
599 475 708 525 παῖ,
739 475 792 526 μή
822 472 862 527 μ’
893 471 1055 523 οἷδίκει,
1089 472 1152 516 ἔτι
1184 487 1245 515 σοι
1280 476 1542 529 καταθύμιος
1573 477 1680 519 εἶναι

545 543 777 602 βούλομαι,
811 544 1037 601 εὐφροσύνῃ
1070 549 1192 588 τοῦτο
1222 549 1360 597 συνεὶς
1389 547 1548 603 ἀγαθῇ·

484 616 532 659 οὗ
563 619 641 672 γὰρ
666 617 732 660 τοί
760 633 808 671 με
835 615 944 672 δόλῳ
970 617 1006 676 1)
1033 616 1303 672 παρελεύσεαι
1333 618 1420 661 οὐδ’
1452 620 1691 674 α’πατήσεις·

548 694 720 744 νικήσας
746 691 824 744 γὰρ
856 690 963 747 ἔχεις
989 691 1036 732 τὸ
1064 688 1195 733 πλέον
1226 691 1416 740 ἐξοπίσω.

286 759 421 813 Quam
451 775 601 807 verum
635 761 691 807 sit
721 762 837 819 quod
867 762 1146 822 popularibus
1177 762 1263 808 tuis
1294 763 1339 809 in
1372 763 1598 823 proverbio
1624 770 1691 810 est
1714 763 1772 813 ὥς

286 834 428 887 ὁμοῖον
459 835 587 890 ὁμοίῳ
616 834 681 877 ἀεὶ
711 834 899 886 πελάζει,
932 841 1024 880 tute
1052 834 1098 879 in
1114 841 1246 880 temet
1259 834 1354 895 ipso
1370 837 1570 883 declaras.
1601 835 1770 883 Etenim

288 917 507 966 comparas
536 913 579 953 te
604 921 704 958 cum
735 920 838 953 cane
868 907 1045 953 caudam
1074 913 1300 953 movente:

318 978 475 1039 (1327)
507 968 570 1021 ³52
599 983 701 1033 παῒ,
730 979 805 1030 ἕως
834 982 891 1023 ἂν
923 979 1019 1037 ἔχῃς
1050 979 1168 1024 λείαν
1194 980 1323 1033 γένυν
1341 1013 1354 1034 ,
1390 981 1541 1024 οὔποτε
1568 980 1725 1026 σαίνων

546 1055 784 1107 παύσομαι,
817 1051 904 1095 οὐδ’
938 1053 975 1094 εἴ
1002 1069 1072 1107 μοι
1101 1055 1298 1109 μόρσιμόν
1326 1054 1411 1096 ἐστι
1444 1057 1612 1100 θανεῖν.

489 1126 575 1169 Σοί
590 1142 636 1168 τε
657 1125 814 1169 διδοῦν’
842 1125 904 1168 ἔτι
931 1124 1061 1169 καλὸν
1080 1127 1135 1182 ²),
1168 1127 1257 1181 ἐμοί
1284 1125 1321 1169 τ’
1339 1126 1413 1168 οὐκ
1431 1127 1600 1183 αἰσχρὸν
1617 1127 1766 1182 ἐρῶντι

545 1191 696 1242 αἰτεῖν·
726 1197 835 1240 ἀλλὰ
864 1197 1020 1250 γονέων
1053 1197 1242 1253 λίσσομαι
1267 1199 1473 1255 ἡμετέρων
1498 1202 1582 1242 κτὲ.

285 1270 546 1316 Alimentum
575 1272 769 1317 flammae
797 1270 1056 1330 investigans
1089 1271 1277 1317 incidisti
1304 1271 1349 1316 in
1379 1273 1495 1318 hunc
1524 1272 1694 1318 locum:

376 1343 474 1403 (¹1¹1)
506 1343 693 1399 ”Αρτεμι
719 1346 964 1399 θηροφόνη,
991 1345 1176 1399 θύγατερ
1208 1347 1328 1398 Διός,
1355 1347 1408 1398 ἢν
1434 1343 1720 1400 Ἀγαμέμνων

549 1417 711 1469 εἳ’σαθ’,
739 1416 798 1459 ὅτ’
834 1418 873 1465 ἐς
903 1417 1060 1471 Τροίην
1091 1415 1210 1459 ἔπλεε
1239 1419 1358 1471 νηυσὶ
1388 1421 1542 1469 θοαῖς,

489 1489 696 1547 εὐχομένῳ
723 1505 793 1543 μοι
825 1487 975 1535 κλῦθι,
1012 1491 1142 1538 κακὰς
1174 1489 1210 1531 δ’
1242 1490 1324 1531 dmi
1355 1493 1481 1546 κῆρας
1506 1487 1679 1532 ἄλαλκε·

546 1565 608 1604 σοὶ
639 1564 715 1617 μὲν
747 1564 892 1612 τοῦτο,
925 1566 1031 1611 θεά,
1061 1564 1256 1617 σμικρὸν,
1291 1563 1379 1616 ἐμοὶ
1412 1562 1455 1604 δὲ
1485 1561 1606 1616 μέγα.

284 1635 414 1680 Multo
446 1634 669 1680 honestius
701 1641 743 1680 et
776 1634 1010 1693 elegantius
1029 1641 1083 1678 -te
1115 1648 1213 1678 cum
1239 1634 1335 1679 Iove
1351 1634 1594 1694 componis,
1620 1649 1768 1694 quam-

287 1723 414 1767 quam
460 1708 598 1752 sabula
646 1707 901 1766 Ganymedis
937 1722 960 1751 a
1001 1706 1098 1752 Iove
1137 1706 1181 1750 in
1219 1705 1444 1766 Olympum
1475 1707 1629 1753 sublati
1660 1721 1765 1767 pue-

282 1795 430 1826 rorum
463 1779 597 1826 amori
624 1786 842 1839 praetenta
873 1778 1089 1824 fastidium
1123 1785 1289 1824 movet:

318 1852 473 1912 (1345)
507 1851 789 1907 Παιδοφιλεῒν
817 1851 861 1894 δέ
879 1869 919 1894 τι
937 1857 1119 1906 τερπνόν
1139 1884 1149 1904 ,
1170 1852 1258 1892 ἐπεί
1275 1867 1374 1893 ποτε
1392 1854 1462 1893 καὶ
1482 1850 1768 1907 Γανυμήδους

543 1929 671 1981 ἤρατο
703 1928 774 1967 καὶ
806 1923 1016 1979 Κρονίδης
1050 1924 1280 1966 ἀθανάτων
1311 1923 1528 1981 βασιλεύς,

488 1997 678 2054 ἁρπάξας
709 1997 748 2039 δ’
780 1998 820 2046 ἐς
847 1995 1069 2050 ’Όλυμπον
1102 1996 1311 2049 ἀνήγαγε,
1348 1997 1420 2038 καί
1452 2012 1525 2051 μιν
1553 1996 1682 2054 ἔθηκε

547 2070 755 2125 δαίμονα,
790 2068 982 2123 παιδείης
1014 2072 1151 2118 ἄνθος
1183 2068 1321 2125 ἔχοντ’
1352 2070 1517 2123 ἐρατόν.

332 2343 359 2386 ¹)
398 2342 433 2375 In
459 2341 642 2378 collatione.
676 2349 738 2383 qua
761 2344 851 2379 utor,
875 2339 1142 2373 inveniomanum
1168 2339 1265 2372 multo
1290 2340 1489 2373 recentiorem
1513 2340 1702 2384 supplevisse
1728 2342 1769 2375 οὐ

282 2403 352 2445 γάρ
376 2401 430 2433 τοί
456 2412 500 2441 με
527 2398 638 2442 δόλῳ.

340 2457 368 2501 ²)
406 2458 456 2491 Sic
488 2457 661 2494 Hermann3
702 2455 778 2488 Mut.
813 2454 960 2488 διδόντ’
991 2454 1047 2489 ἔτι
1083 2455 1215 2493 καλῶς
1251 2454 1345 2496 Bergk
1380 2455 1511 2489 διδοῦν
1551 2455 1661 2489 καλόν
1695 2457 1780 2491 ἔστι.

283 2517 387 2549 Timeo
411 2526 447 2549 ne
474 2515 605 2548 διδοῦν
628 2523 687 2546 non
709 2514 806 2553 magis
832 2522 973 2554 graecum
995 2513 1036 2545 sit
1059 2523 1151 2555 quam
1174 2513 1363 2554 μεταδοῦν
1387 2514 1457 2557 (pro
1479 2514 1697 2558 μεταδοῦν’)
1723 2524 1770 2549 vs.

285 2574 358 2608 104.
390 2573 526 2606 Lectioni
561 2571 703 2604 διδόντ’
725 2580 829 2603 ansam
854 2570 940 2602 dedit
962 2570 1158 2612 participium
1188 2570 1322 2614 ἐρῶντι.
1357 2571 1512 2604 Sententia
1536 2572 1672 2614 postulat
1695 2581 1768 2615 par·

283 2632 410 2665 ticulam
447 2630 522 2667 ἔτι,
565 2630 654 2662 cuins
695 2629 742 2661 vis
774 2628 944 2671 explicatur
983 2628 1082 2660 verbis
1116 2625 1178 2665 ἕως
1221 2628 1266 2661 ἂν
1299 2627 1384 2673 ἔχῃς
1408 2629 1509 2662 λείαν
1532 2630 1648 2672 γένυν.
1682 2629 1770 2662 Prius

284 2690 440 2724 distichon
462 2698 532 2722 vero
551 2687 648 2728 Bergk
670 2687 708 2719 ab
730 2686 824 2719 altero
847 2686 1028 2726 segregavit.
1053 2685 1117 2723 Quo
1140 2685 1236 2726 magis
1260 2685 1315 2719 ἔτι
1336 2686 1486 2720 intactum
1508 2694 1650 2726 maneat,
1668 2689 1770 2722 anim-

289 2746 509 2781 advertendum
539 2750 587 2779 est
615 2745 646 2778 in
675 2744 732 2777 hoc
766 2754 872 2785 genere
901 2744 1001 2786 poesis
1033 2743 1175 2776 vocabula
1209 2743 1329 2787 καιρός
1361 2749 1392 2777 et
1415 2745 1511 2789 ἀκμή
1535 2756 1644 2788 magno
1665 2746 1768 2781 haberi

287 2806 411 2840 honore.
431 2804 532 2839 Unum
554 2812 677 2836 carmen
705 2801 834 2844 exempli
856 2810 946 2834 causa
968 2801 1118 2844 proteram
1141 2810 1178 2834 ex
1199 2801 1293 2835 Anth.
1317 2802 1432 2836 lacobs.
1456 2803 1484 2836 11
1505 2813 1537 2847 p.
1560 2803 1644 2839 5¹2:

547 2861 685 2904 Καιρὸν
707 2860 820 2903 γνῶθι
842 2859 951 2899 σοφῶν
976 2860 1044 2892 τῶν
1067 2858 1162 2892 ἑπτά
1184 2871 1238 2898 τις
1261 2853 1342 2894 εἶπε
1356 2885 1364 2898 ,
1390 2861 1564 2896 Φίλιππε·

576 2919 698 2952 πάντα
720 2919 789 2962 γὰρ
809 2915 1006 2961 ἆκμάζοντ’
1034 2917 1131 2950 ἐστὶν
1154 2917 1386 2962 ἑραστότερα.

541 2976 603 3011 και·
626 2977 744 3014 σίκυος
767 2977 906 3019 πρῶτος
927 2986 998 3008 που
1023 2975 1079 3008 ἐπ’
1100 2974 1305 3019 ἀνδήροισνν
1330 2976 1482 3020 ὁραθείς

576 3035 711 3076 τίμιος,
734 3027 817 3068 εἶτα
839 3033 932 3067 συῶν
955 3033 1082 3077 βρῶμα
1102 3033 1376 3076 πεπαινόμενος.
