1898 3386
974 223 1030 268 18

258 352 459 410 371—2;
504 353 706 400 457-60
724 369 734 409 ;
781 352 1012 408 579—82;
1044 351 1214 399 695-6
1232 366 1242 406 ;
1281 350 1480 407 861-4;
1515 350 1744 407 939-42;

260 425 432 471 993—6
449 442 459 481 ;
507 426 740 473 1043—44
756 441 767 481 ;
816 424 1042 480 1063—83
1092 421 1304 469 1095—6.
1353 448 1402 455 -
1454 423 1642 469 Eandem
1688 423 1743 469 ob

265 512 437 543 causam
482 499 714 557 elegiarum
758 497 916 543 librum
963 498 1144 542 alterum
1193 495 1382 549 addidit,
1429 495 1464 540 si
1503 495 1606 553 quid
1636 495 1745 541 forte

261 569 438 628 pudoris
468 571 632 630 Cyrnus
665 570 807 629 priore
837 571 947 616 lecto
976 568 1236 615 retinuisset.
1282 567 1335 612 Et
1366 581 1452 625 quo
1483 566 1646 612 facilius
1682 566 1746 612 di-

263 642 454 701 scipulus
503 644 615 688 bona
661 649 886 702 praecepta
932 641 1179 687 memoriter
1226 640 1433 692 disceret,
1466 638 1669 698 magister
1701 638 1746 683 in

263 714 394 759 altero
438 714 546 760 libro
583 717 725 761 'novos
773 729 922 760 versus
963 714 1191 759 maximam
1236 719 1401 772 partem
1441 711 1555 757 notis
1587 709 1746 757 similes

262 786 373 831 fecit.
422 787 632 832 Nimirum
663 788 718 833 ob
749 794 813 833 tot
843 787 1021 832 virtutes
1053 785 1334 831 Athenienses
1368 782 1626 843 Theognidis
1658 782 1742 828 ele-

264 858 354 917 gias
405 860 644 905 secundum
689 859 924 906 Homerum
959 859 1107 918 dignas
1141 858 1354 903 habebant
1390 870 1495 914 quas
1527 854 1649 914 pueri
1681 853 1749 900 sui

264 930 310 975 in
340 931 451 977 ludis
485 932 681 978 literariis
717 932 968 978 ediscerent.
1014 932 1120 977 Nam

467 1005 598 1050 fortes
630 1012 829 1051 creantur
859 1003 1040 1050 sortibus
1067 1010 1110 1049 et
1138 1002 1277 1048 bonis.

466 1078 542 1123 Est
572 1077 617 1122 in
649 1077 871 1131 iuvencis,
906 1084 972 1123 est
998 1077 1044 1121 in
1074 1075 1196 1133 equis
1229 1081 1399 1134 patrum

466 1149 628 1205 virtus;
661 1164 802 1209 neque
832 1149 1046 1195 imbellem
1074 1149 1236 1194 feroces

517 1229 803 1281 progenerant
835 1221 999 1279 aquilae
1033 1221 1288 1266 columbam.

470 1294 671 1340 Doctrina
701 1295 777 1340 sed
810 1294 896 1339 vim
926 1301 1147 1353 promovet
1177 1292 1377 1345 insitam,

468 1367 660 1425 rectique
694 1368 835 1413 cultus
864 1373 1038 1426 pectora
1068 1366 1293 1412 roborant:

525 1446 746 1498 utcunque
778 1440 970 1485 defecere
998 1453 1140 1485 mores
1158 1475 1168 1493 ,

526 1512 784 1557 dedecorant
813 1513 922 1557 bene
953 1519 1050 1557 nata
1082 1510 1301 1570 culpae1).

264 1583 344 1628 Sed
387 1583 488 1629 satis
520 1584 729 1630 iocorum.
775 1584 865 1643 Ego
896 1584 1041 1643 potius
1072 1584 1243 1629 credam
1274 1581 1416 1628 omnia
1449 1580 1494 1625 in
1524 1579 1631 1625 nihil
1661 1590 1750 1624 non

263 1656 419 1701 mutari
461 1670 614 1716 posse,
663 1670 792 1715 quam
837 1656 1080 1716 allegoriam
1123 1656 1249 1702 istam
1279 1669 1302 1700 a
1333 1652 1578 1712 Theognide
1609 1650 1749 1710 profe-

263 1735 374 1773 ctam
424 1743 529 1774 esse.
578 1729 684 1774 Nam
730 1729 839 1788 sapit
877 1729 982 1774 illud
1013 1743 1148 1787 genus
1181 1726 1441 1779 carminum,
1473 1725 1518 1770 in
1548 1737 1661 1782 quo,
1696 1727 1747 1767 ut

263 1800 397 1846 Ovidii
429 1801 569 1846 verbis
603 1808 726 1853 utar,
760 1801 968 1860 Cupidine
999 1800 1267 1859 triumphum
1299 1800 1504 1851 ducente,

466 1873 582 1920 Mens
618 1874 730 1919 bona
759 1874 941 1919 ducatur
970 1873 1167 1918 manibus
1197 1878 1294 1931 post
1324 1878 1445 1929 terga
1471 1867 1644 1915 retortis

525 1953 568 1992 et
598 1946 740 1991 Pudor
773 1953 815 1991 et
846 1946 995 1991 castris
1026 1944 1236 2003 quidquid
1265 1943 1434 1989 Amoris
1466 1942 1589 1987 obest
1605 1939 1657 1998 ²).

264 2017 393 2076 Atqui
440 2025 505 2064 est
535 2033 584 2064 ea
614 2033 712 2077 pars
746 2018 888 2076 poesis
922 2033 945 2063 a
979 2017 1237 2076 Theognidis
1270 2015 1445 2075 ingenio
1477 2010 1748 2060 alienissima.

262 2089 309 2134 Id
354 2091 420 2135 vel
460 2105 573 2136 unus
604 2091 725 2136 locus
757 2105 781 2135 a
811 2090 992 2135 Stobaeo
1022 2090 1212 2149 prolatus
1230 2126 1240 2143 ,
1278 2102 1407 2146 quem
1437 2087 1489 2132 ab
1521 2083 1643 2130 initio
1675 2097 1748 2131 su-

191 2171 202 2179 ‘
263 2162 443 2221 perieris
479 2162 628 2222 capitis
646 2162 977 2221 exscripsimus,
997 2162 1274 2207 demonstrat.
1307 2161 1411 2206 Cum
1430 2173 1481 2204 eo
1499 2160 1746 2215 congruunt

261 2234 377 2280 Plato
425 2236 551 2294 Legg.
600 2236 616 2280 I
650 2250 690 2294 p.
725 2234 811 2281 630
843 2243 885 2281 et
914 2236 1121 2281 Isocrates
1155 2235 1208 2280 ad
1237 2233 1395 2280 Nicocl.
1429 2232 1450 2290 ξ
1481 2230 1537 2275 42
1570 2242 1661 2287 sqq.
1696 2228 1748 2287 ³).

303 2405 329 2446 1)
365 2404 439 2437 Ηοι·.
474 2404 530 2437 Od.
566 2404 625 2443 lv,
660 2405 690 2437 4.
728 2405 827 2438 Monet
859 2406 901 2438 10.
936 2405 1036 2438 Luzac
1071 2405 1233 2438 Horatium
1270 2403 1404 2437 alludere
1450 2401 1488 2434 ad
1529 2400 1665 2440 Theogu.
1704 2407 1754 2432 vs.

259 2462 322 2495 183
346 2472 414 2504 sqq.

302 2519 330 2562 2)
366 2520 514 2552 Amorum
538 2519 567 2556 Ι,
590 2519 632 2557 2,
656 2520 711 2554 50.

302 2574 328 2620 ³)
363 2577 507 2610 Isocratis
529 2578 629 2610 locum
652 2578 736 2610 lubet
756 2578 927 2610 exscribere
941 2588 1022 2620 ,quo
1034 2577 1226 2610 commodius
1237 2585 1307 2609 cum
1324 2575 1410 2608 Stob.
1424 2575 1619 2607 conseratur-z
1636 2570 1747 2606 Ἐπεὶ

262 2635 405 2668 κάκεῖνό
440 2649 498 2675 μοι
537 2635 722 2679 πρόδηλον
756 2629 821 2679 ἦν,
860 2635 916 2668 ὅτι
949 2637 995 2668 τὰ
1028 2635 1327 2677 συμβουλεύοντα
1363 2633 1423 2666 καὶ
1455 2633 1522 2665 τῶν
1544 2631 1748 2674 ποιημάτων

261 2694 322 2724 καὶ
356 2693 423 2725 τῶν
457 2694 741 2737 συγγραμμάτων
777 2693 1033 2737 χρησιμώτατα
1067 2692 1129 2733 μὲν
1161 2693 1321 2730 ἅπαντες
1354 2692 1578 2734 νομίζουσιν,
1612 2688 1652 2721 οὐ
1677 2689 1749 2730 μὴν

259 2750 394 2793 ἥδιστά
427 2752 460 2792 γ’
501 2751 619 2784 αὐτῶν
649 2751 861 2789 ἀκούουσιν,
898 2751 989 2784 ἀλλὰ
1023 2751 1253 2784 πεπόνθασιν
1289 2750 1380 2792 ὅπερ
1403 2750 1491 2792 πρὸς
1511 2747 1597 2786 τούς
1618 2747 1752 2780 νουθε-

261 2810 426 2846 τοῦντας
465 2808 526 2840 καὶ
559 2810 629 2854 γὰρ
662 2811 816 2848 ἐκείνους
839 2810 1020 2842 ἐπαινοῦσι
1046 2809 1132 2849 μέν,
1156 2809 1367 2852 πλησιάζειν
1388 2806 1430 2839 δὲ
1453 2806 1652 2848 βούλονται
1678 2807 1751 2841 τοῖς

260 2865 628 2909 συνεξαμαρτάνουσιν
642 2891 650 2904 ,
673 2868 751 2900 ἀλλ’
774 2867 816 2900 οὐ
844 2872 916 2905 τοῖς
939 2867 1215 2910 ἀποτρέπουσιν.
1251 2866 1413 2909 Σημεΐον
1439 2865 1477 2897 δ’
1499 2863 1544 2897 ἄν
1566 2876 1620 2902 τις
1643 2861 1751 2904 ποιή-

259 2932 360 2955 σαιτο
396 2925 464 2967 τὴν
494 2921 676 2958 Ἠσιόδου
710 2925 771 2957 καὶ
807 2924 1004 2967 Θεόγνιδος
1042 2926 1102 2958 καὶ
1141 2923 1359 2957 Φωκυλίδου
1393 2923 1552 2965 ’ωὀίησιν·
1592 2920 1749 2964 καὶγὰρ

255 2980 407 3019 τούτους
442 2982 529 3020 φασὶ
563 2981 627 3022 μὲν
657 2982 822 3026 ἀρίστους
848 2984 1077 3026 γεγενῆσθαι
1094 2983 1322 3025 συμβούλους
1347 2983 1397 3026 τῷ
1421 2982 1493 3025 βίῳ
1517 2980 1568 3024 τῷ
1592 2978 1660 3013 τῶν
1684 2978 1748 3012 ἂν·
