1898 3386
904 233 962 280 43

183 365 247 410 Ex
277 365 427 412 eadem
456 363 589 422 elegia
621 371 723 409 sunt
755 378 812 409 vs.
848 363 1163 410 1003—1006:

385 434 494 478 “Ho’
524 435 674 491 ἀρετή,
713 434 801 478 τόδ’
832 434 993 478 ἄεθλον
1025 437 1069 478 ἐν
1103 435 1396 492 ἀνθρώποισιν
1427 442 1600 495 ἄριστον

444 506 666 550 κάλλιστόν
695 525 739 550 τε
768 507 908 563 φέρειν
939 509 1130 560 γίγνεται
1159 507 1282 564 ἀνδρὶ
1314 514 1440 566 σοφῷ·
1461 510 1498 569 1)

383 579 511 629 ξυνὸν
542 579 580 621 δ’
612 578 765 622 ἐσθλὸν
798 582 918 622 τοῦτο
949 579 1082 634 πόληΐ·
1108 597 1152 623 τε
1183 582 1317 624 παντί
1347 598 1390 624 τε
1424 581 1539 639 δήμῳ
1557 616 1568 635 ,

441 652 552 701 ὅστις
585 651 690 707 ἀνὴρ
721 651 873 709 διαβὰς
905 653 950 695 ἐν
981 656 1228 709 προμάχοισι
1258 653 1377 711 μένῃ.

180 726 360 771 Versum
393 722 476 769 147
509 723 637 769 etiam
669 724 781 769 inter
813 723 1054 783 Phocylidis
1087 725 1323 784 fragmenta
1339 763 1349 780 ‚
1391 741 1452 772 vs.
1485 726 1570 772 472
1600 727 1665 772 in-

181 804 247 844 ter
270 796 407 841 Eueni
437 795 653 841 numerari
682 795 727 840 in
761 795 993 841 summario
1024 810 1227 842 versuum
1260 797 1466 844 imitando
1500 813 1672 858 expres-

181 882 329 915 sorum
375 875 660 913 memoratum
703 875 780 914 est.
836 867 1108 927 Phocylidem
1152 884 1212 915 vs.
1262 870 1346 915 147
1396 885 1526 916 usum
1574 885 1670 917 esse

180 941 357 987 Michael
391 940 545 999 Ephes.
580 947 731 985 auctor
759 947 826 985 est
857 940 902 984 in
932 947 1119 986 annotat.
1153 942 1206 986 ad
1236 942 1410 987 Aristot.
1445 943 1542 989 Eth.
1575 944 1665 990 Nic.

180 1013 235 1067 V,
279 1013 333 1068 13
364 1012 512 1057 Eueno
544 1027 603 1057 vs.
632 1012 718 1057 472
739 1012 935 1057 tribuunt
966 1013 1138 1058 Aristot.
1172 1013 1351 1073 Metaph.
1380 1014 1451 1068 IV,
1489 1014 1538 1069 5,
1570 1015 1666 1062 Eth.

180 1084 286 1130 Eud.
319 1085 383 1139 11,
417 1084 441 1129 7
474 1091 517 1129 et
546 1084 653 1129 Plut.
684 1098 772 1129 non
804 1098 932 1143 posse
958 1099 1072 1130 suav.
1094 1085 1177 1131 vivi
1195 1100 1278 1131 sec.
1296 1086 1466 1146 Epicur.
1486 1101 1575 1148 cap.
1595 1088 1664 1136 21.

900 1303 945 1348 V.

236 1444 463 1498 Quaeritur
506 1458 592 1504 quo
622 1453 747 1505 pacto
780 1447 884 1492 haec
916 1447 1250 1493 chrestomathia
1281 1472 1339 1479 —
1369 1460 1455 1505 quo
1485 1448 1668 1494 barbaro

179 1517 386 1563 vocabulo
436 1518 650 1563 commodi
701 1532 828 1564 causa
870 1519 1051 1578 posthac
1098 1519 1163 1583 uti
1210 1519 1335 1564 liceat
1365 1545 1425 1552 —-
1455 1527 1549 1566 orta
1598 1520 1666 1566 sit.

179 1589 330 1635 Totam
377 1589 600 1635 historiam
645 1590 821 1650 originis
869 1604 1065 1636 enarrare
1111 1605 1191 1637 nec
1237 1591 1402 1650 possim
1448 1592 1484 1637 si
1519 1592 1669 1647 velim,

177 1674 257 1706 nec
300 1660 427 1707 velim
468 1661 504 1707 si
534 1662 711 1720 possim.
745 1662 852 1708 Nam
884 1676 1158 1720 nequaquam
1189 1678 1213 1708 a
1245 1663 1467 1723 proposito
1507 1664 1670 1724 digredi

179 1733 288 1779 volo.
337 1733 483 1791 Itaque
515 1734 568 1779 ad
596 1740 757 1779 certam
788 1741 953 1793 partem
984 1749 1053 1780 me
1081 1735 1355 1794 restringam,
1390 1742 1433 1781 et
1450 1750 1544 1781 eam
1561 1750 1669 1794 quae

179 1811 344 1865 spectat
391 1805 686 1863 quaestionem
732 1814 904 1852 »utrum
952 1807 988 1852 is
1029 1807 1103 1864 qui
1137 1808 1213 1853 has
1245 1807 1389 1866 copias
1422 1809 1587 1867 redegit
1618 1823 1669 1854 ex

178 1877 367 1937 pleniore
413 1892 541 1937 opere
589 1892 666 1924 seu
710 1878 874 1938 integra
919 1880 1059 1924 adhuc
1105 1894 1359 1939 gnomarum
1417 1880 1669 1940 compagine

179 1949 414 1996 enotaverit
453 1951 661 2009 quaedam
705 1959 748 1997 et
793 1952 1034 1998 breviorem
1063 1952 1162 1997 inde
1193 1966 1407 1998 summam
1439 1953 1669 1998 concinna-

178 2021 308 2076 verit,
340 2036 420 2076 an,
453 2023 674 2082 deperdito
706 2024 790 2069 iam
821 2024 1215 2083 tum‘Theognide‚
1249 2025 1343 2070 loca
1377 2024 1584 2071 dissoluta
1616 2039 1668 2071 ex

178 2093 270 2140 aliis
299 2094 580 2154 scriptoribus
611 2096 657 2140 in
690 2110 824 2141 unum
860 2096 1166 2155 congesserit.’'
1185 2105 1223 2155 2)
1255 2097 1512 2156 Respondeo
1530 2111 1540 2142 :
1560 2111 1667 2143 neu-

181 2173 297 2216 trum
334 2167 460 2222 fecit,
508 2168 584 2213 sed
629 2182 653 2215 e
694 2168 831 2214 tribus
884 2169 1033 2214 saltem
1079 2169 1425 2214 chrestomathiis
1469 2176 1668 2228 excerpta

179 2238 396 2297 congessit
440 2246 483 2285 et
529 2254 682 2285 novam
712 2240 812 2286 inde
844 2241 1222 2286 chrestomathiam
1250 2241 1532 2287 concinnavit.
1581 2241 1666 2287 Mc-

178 2317 304 2356 tuens
351 2325 452 2357 vero
483 2326 537 2357 ne
570 2313 884 2372 argumentatio
920 2314 1032 2358 ultra
1066 2313 1337 2372 propositum
1372 2314 1528 2366 ducat,
1561 2313 1667 2359 nihil

177 2382 292 2428 aliud
334 2386 484 2431 faciam
525 2398 653 2443 quam
684 2392 936 2444 argumenta
969 2385 1196 2431 conferam.
1249 2385 1454 2445 Incipiam
1484 2400 1508 2431 a
1538 2386 1665 2433 tertio

179 2457 511 2505 summariorum
542 2457 587 2503 in
622 2458 812 2503 secundo
840 2457 977 2517 capite
1009 2458 1335 2517 promissorum.

298 2528 355 2576 39
385 2532 547 2586 Κύρνε,
582 2531 670 2572 κύει
696 2528 816 2579 πόλις
845 2529 942 2584 ἣδε,
981 2528 1153 2571 δέδοικα
1183 2528 1228 2571 δὲ
1256 2534 1312 2584 μὴ
1342 2527 1442 2586 τέκῃ
1467 2528 1606 2585 ἄνδρα

437 2602 679 2658 εὐθυντῆρα
710 2606 839 2655 κακῆς
867 2603 1010 2659 ὕβριος
1039 2600 1252 2657 ἡμετέρης.

235 2672 344 2721 ’1081
380 2676 518 2730 Κύρνε
537 2704 549 2725 ,
582 2676 669 2716 mla
700 2673 821 2724 πόλις
851 2674 922 2728 ἣδε
941 2706 952 2724 ,
986 2673 1157 2717 δέδοικα
1187 2673 1231 2716 δὲ
1256 2676 1312 2729 μὴ
1338 2672 1437 2731 τέκῃ
1468 2672 1608 2729 ἄνδρα

435 2746 657 2804 ὑβριστήν,
692 2745 873 2804 χαλεπῆς
893 2749 1078 2802 ἡγεμόνα
1106 2750 1283 2796 στάσιος.

218 3011 246 3054 ¹)
289 3012 375 3046 stob.
397 3011 476 3055 νέῳ.
864 3012 894 3056 ¹)
933 3013 1072 3047 Welcker
1096 3022 1125 3055 p.
1148 3021 1198 3045 cn.
