1898 3386
962 271 1018 317 ‘lO

239 404 413 451 Constat
458 411 601 449 autem
647 403 914 460 Theagenem
961 402 1177 446 Periandri
1227 401 1433 446 Corinthii
1471 409 1513 447 et
1549 402 1719 460 Cylonis

242 474 536 528 Atheniensis,
566 487 750 533 quorum
781 475 886 518 alter
915 487 1026 518 anno
1058 472 1142 518 625
1159 473 1337 531 Cypselo
1364 473 1473 531 patri
1490 473 1718 527 successit,

242 549 346 593 alter
380 546 548 591 circiter
579 560 739 590 annum
771 545 855 590 620
885 559 1031 590 rerum
1047 545 1176 603 potiri
1201 551 1378 589 conatus
1399 551 1485 598 est,
1503 546 1722 604 aequalem

242 619 387 664 fuisse.
427 618 638 676 »Expulso
669 617 893 675 Theagene
924 617 1155 675 tyranno,'’
1189 616 1441 661 Plutarchus
1473 615 1581 674 aitl)
1613 616 1723 662 »Me-

243 704 442 750 garenses
494 689 754 748 aliquamdiu
799 690 1015 734 moderate
1047 689 1240 733 libertate
1270 688 1337 733 usi
1371 695 1490 743 sunt;
1521 702 1621 733 mox
1653 689 1725 733 de-

243 762 435 821 magogis
469 761 643 806 nimiam
673 761 725 806 iis
743 798 753 815 ,
786 767 835 805 ut
865 775 983 806 more
1013 760 1228 805 Platonico
1258 761 1435 819 loquar,
1477 774 1724 819 meramque

242 835 480 880 libertatem
528 833 881 892 propinantibus,
923 846 1100 891 prorsus
1132 832 1346 891 depravati
1377 846 1512 890 quum
1545 831 1623 876 alia
1653 845 1727 891 pe-

246 907 431 951 tulanter
476 905 521 950 in
564 905 714 950 divites
746 906 959 958 fecerunt,
992 911 1085 949 tum
1122 904 1245 962 egeni
1275 904 1424 949 domos
1458 903 1626 948 illorum
1660 903 1726 948 in-

244 979 444 1023 vadentes
477 978 748 1036 postularunt
778 985 827 1021 ut
854 976 1098 1035 splendidae
1116 977 1264 1035 epulae
1289 976 1369 1021 sibi
1388 982 1727 1035 apponerentur;

246 1050 362 1109 quod
406 1049 489 1094 nisi
531 1049 654 1094 fieret
698 1049 784 1093 vim
832 1063 880 1092 ac
927 1048 1146 1093 libidinem
1197 1048 1241 1092 in
1282 1062 1429 1093 omnes
1461 1048 1725 1093 exercebant.

243 1122 438 1180 Denique
480 1121 590 1165 sacto
636 1120 885 1179 plebiscito,
932 1135 956 1165 a
1001 1119 1338 1165 foeneratoribus
1390 1133 1544 1164 usuras
1561 1155 1572 1173 ,
1621 1132 1726 1176 quas

247 1195 484 1247 solverant,
530 1193 795 1251 repetierunt
833 1200 959 1251 atque
1005 1206 1098 1237 eam
1140 1206 1232 1237 rem
1284 1191 1482 1236 dixerunt
1527 1189 1728 1233 παλιντο-

247 1265 389 1309 κίαν.”
440 1266 557 1310 Hanc
587 1265 875 1310 narrationem
909 1264 1227 1310 considerantes
1248 1264 1351 1322 quid
1368 1264 1574 1308 miramur
1593 1263 1731 1308 Theo-

248 1338 387 1399 gnidis
419 1345 612 1397 tempore
640 1339 799 1383 multos
831 1337 1039 1383 nobilium
1069 1351 1115 1382 re
1147 1336 1340 1382 familiari
1373 1337 1478 1381 adeo
1495 1334 1734 1381 comminu-

247 1418 315 1457 tos
357 1411 515 1464 fuisse,
559 1417 608 1455 ut
651 1410 917 1456 nobilitatem
948 1409 1135 1455 nummis
1164 1409 1509 1468 postponerent?
1542 1408 1737 1464 Namque,

249 1490 391 1543 patres
437 1497 609 1536 eorum,
659 1496 793 1539 quum
841 1497 998 1541 procax
1044 1481 1216 1526 libertas
1265 1480 1477 1526 civitatem
1507 1479 1732 1532 misceret,

248 1555 373 1601 bonis
407 1555 543 1600 eversi
577 1561 708 1600 erant.
760 1554 841 1599 Sed
873 1561 1081 1612 quantum
1111 1568 1163 1598 ex
1188 1552 1446 1611 Theognidis
1475 1551 1734 1597 carminibus

253 1628 451 1686 colligere
482 1640 713 1685 possumus
732 1663 742 1680 ,
783 1626 863 1671 alia
894 1626 974 1671 fuit
1005 1639 1103 1684 pars
1134 1625 1342 1670 nobilium
1372 1638 1480 1682 quae
1510 1623 1604 1669 illos
1636 1637 1736 1669 con-

253 1699 458 1745 taminare
508 1705 656 1757 gentes
703 1698 876 1757 indigne
921 1699 1074 1751 ferret,
1107 1704 1234 1754 atque
1265 1696 1394 1742 huius
1424 1695 1556 1755 partis
1588 1696 1640 1740 de
1670 1709 1737 1740 re-

254 1772 425 1832 publica
472 1771 704 1816 sententias
751 1770 964 1830 Theognis
1009 1770 1138 1829 ligato
1187 1783 1382 1814 sermone
1429 1767 1645 1826 exprimit,
1687 1773 1737 1812 ut

253 1845 448 1890 dubitare
479 1844 593 1888 haud
623 1844 858 1888 absurdum
892 1843 946 1888 sit
977 1842 1159 1888 fueritne
1192 1842 1407 1886 Musarum
1437 1839 1646 1885 amantior
1683 1853 1738 1884 an

252 1916 449 1962 factionis
481 1930 582 1961 suae
617 1915 861 1960 studiosior.
910 1914 987 1961 Cui
1019 1913 1253 1959 sententiae
1288 1913 1323 1957 si
1353 1912 1449 1969 quis
1480 1925 1557 1970 pro
1587 1917 1739 1970 poetae

256 1989 487 2034 virtutibus
520 2002 672 2046 parum
703 1987 839 2032 laudis
871 1987 1010 2032 inesse
1041 1992 1190 2045 putet,
1223 1999 1271 2030 ea
1297 1984 1402 2029 mihi
1427 1983 1600 2041 quidem
1614 1984 1741 2041 longe

255 2061 438 2106 maxima
484 2061 576 2106 eius
613 2061 705 2105 laus
735 2074 828 2105 esse
858 2060 1026 2104 videtur
1058 2059 1173 2116 quod
1203 2057 1309 2102 nihil
1340 2056 1555 2114 antiquius
1591 2054 1740 2100 habuit

257 2147 386 2191 quam
431 2133 560 2178 fidem
576 2169 586 2186 ,
631 2132 880 2177 fidelitatem
911 2131 1230 2188 veritatemque.
1265 2129 1375 2183 Quid
1411 2129 1586 2189 prodest
1623 2141 1740 2173 men-

256 2206 358 2251 tiri‘?
405 2205 650 2265 Respondet
675 2211 828 2264 poeta:
1690 2251 1693 2254 v

319 2278 447 2337 (607)
479 2277 622 2334 Ἀρχῇ
652 2277 722 2319 ἔπι
753 2275 934 2333 ψεύδους
959 2279 1083 2332 μικρὴ
1117 2278 1247 2332 χάρις·
1280 2276 1320 2324 ἐς
1351 2272 1396 2316 δὲ
1426 2271 1622 2327 τελευτήν

519 2351 689 2407 αἰσχρὸν
724 2349 774 2404 δὴ
803 2348 944 2406 κέρδος
969 2351 1041 2390 καὶ
1073 2351 1203 2390 κακόν
1222 2378 1233 2397 ,
1270 2347 1524 2402 ἀμφότερον,

464 2424 670 2476 γίγνεται·
702 2421 798 2464 οὐδέ
830 2439 872 2465 τι
904 2420 1033 2464 καλὸν
1051 2454 1064 2474 ,
1095 2421 1178 2475 ὅτῳ
1200 2418 1356 2476 ’ψεῦδος
1381 2422 1644 2474 προσομαρτῇ

513 2494 637 2551 ἀνδρὶ
670 2498 743 2538 καὶ
776 2493 927 2550 ἐξέλθῃ
955 2496 1121 2550 πρῶτον
1153 2493 1235 2534 ἀπὸ
1258 2494 1472 2545 στόματος.

260 2569 544 2615 Vehementer
575 2568 770 2626 queritur
801 2567 964 2613 civibus
993 2566 1082 2612 suis
1109 2566 1269 2611 nullam
1285 2564 1414 2608 fidem
1431 2561 1577 2607 haberi
1592 2575 1742 2620 posse:

268 2689 269 2692 ,
320 2640 449 2699 (³283)
481 2640 656 2684 Ἀστῶν
687 2640 834 2695 μηδενὶ
866 2640 1011 2689 πιστὸς
1043 2639 1123 2681 ἐὼν
1155 2636 1266 2679 πόδα
1297 2634 1429 2678 τῶνδε
1462 2636 1686 2691 πρόβαινε,

523 2713 629 2767 μήθ’
659 2715 768 2768 ὅρκῳ
800 2713 974 2761 πίσυνος
1004 2716 1103 2766 μήτε
1135 2709 1407 2765 φιλημοσύνῃ·

462 2786 558 2841 μηδ’
592 2790 627 2829 εἰ
658 2784 763 2839 Ζῆν’
795 2784 920 2840 ἐθέλῃ
952 2783 1148 2840 παρέχειν
1181 2780 1361 2840 βασιλῆα
1390 2779 1609 2834 μέγιστονι

521 2859 674 2911 ἔγγυον
707 2859 937 2900 ἀθανάτων
957 2889 967 2905 ,
1003 2858 1129 2898 πιστὰ
1161 2857 1300 2898 τιθεῖν
1334 2852 1510 2894 ἐθέλων.

307 3025 335 3069 ³)
368 3026 507 3064 Quaestt.
536 3027 590 3061 Gr.
616 3037 683 3070 cap.
707 3026 759 3059 18.
