1898 3386
983 256 1012 302 8

259 390 333 435 bili
378 402 532 448 genere
577 389 707 441 natis,
742 401 935 446 quaeque
966 387 1009 431 in
1040 387 1091 431 iis
1123 387 1330 432 laudanda
1361 402 1453 433 esse
1489 395 1635 433 censet
1665 403 1735 434 eas

260 461 532 521 potissimum
579 460 784 512 virtutes,
818 473 925 517 quae
956 458 1263 517 vituperanda,
1299 473 1347 503 ea
1377 459 1475 503 vitia
1505 466 1638 518 putat.
1681 459 1738 504 Ut

260 533 446 580 breviter
485 532 642 585 dicam,
691 530 904 589 Theognis
935 538 1000 575 est
1029 537 1154 589 poeta
1183 530 1395 588 politicus.
1441 531 1502 576 Eo
1532 532 1580 576 fit
1611 538 1661 576 ut
1693 531 1737 575 in

260 604 476 651 vocabulis
522 601 670 651 ἐσθλός
714 609 756 647 et
802 602 963 654 ἁγαθός
1003 602 1174 647 moralis
1207 601 1458 660 significatio
1491 617 1591 647 cum
1624 605 1734 650 civili

255 676 467 723 artissime
508 676 743 720 cohaereat.
789 675 870 719 Res
904 674 994 733 ipsa
1039 674 1230 733 loquitur
1261 673 1374 719 idem
1405 689 1488 719 usu
1521 675 1664 721 venire
1690 677 1735 722 in

255 748 471 795 vocabulis
503 746 635 796 δειλός
666 753 708 791 et
740 749 863 795 κακός
881 780 892 800 ,
928 753 1057 806 atque
1074 747 1207 792 malos
1226 761 1319 792 esse
1337 748 1532 793 homines
1550 748 1734 796 obscuro

253 834 408 880 genere
438 826 573 865 natos.
620 819 747 864 Malos
781 819 994 878 Theognis
1029 833 1157 878 quam
1187 819 1368 865 maxime
1400 821 1660 866 contemnit:

312 891 438 951 (797)
471 894 579 942 Τούς
608 892 798 944 ἀγαθούς
827 890 954 941 ἄλλος
980 890 1092 946 μάλα
1121 890 1323 946 μέμφεται
1342 926 1354 946 ,
1385 892 1513 943 ἄλλος
1544 895 1721 938 ἐπαινεῖ·

516 967 600 1008 τῶν
631 963 675 1006 δὲ
708 966 850 1006 κακῶν
883 967 1021 1018 μνήμη
1052 964 1240 1016 γίγνεται
1273 964 1459 1019 οὐδεμία.

252 1035 334 1082 Sed
366 1036 558 1097 quamvis
589 1036 769 1089 invitus,
803 1042 945 1080 tamen
976 1043 1149 1081 coactus
1175 1044 1241 1081 est
1271 1051 1344 1082 eos
1371 1037 1512 1095 aliquo
1543 1039 1637 1084 loco
1660 1039 1734 1084 ha-

249 1112 362 1157 bere.
395 1111 501 1156 Nam
530 1109 733 1169 paulatim
766 1115 854 1153 tota
883 1108 991 1153 ratio
1021 1108 1279 1167 reipublicae
1312 1117 1572 1156 commutata
1603 1118 1681 1157 est:

339 1182 436 1242 (53)
471 1184 608 1237 Κύρνε
627 1215 639 1234 ,
675 1179 800 1229 πόλις
829 1181 904 1234 μὲν
937 1180 1005 1221 ἔθ’
1036 1180 1106 1234 ἣδε
1137 1180 1279 1231 πόλις,
1315 1181 1408 1224 λαοὶ
1437 1182 1480 1224 δὲ
1508 1182 1556 1237 δὴ
1581 1182 1727 1235 ἄλλοι,

516 1256 558 1297 οἳ
587 1254 736 1310 πρόσθ’
769 1253 862 1295 οὔτε
895 1251 1010 1302 δίκας
1039 1252 1192 1309 ᾔδεσαν
1224 1255 1316 1296 οὔτε
1348 1257 1499 1309 νόμους
1519 1288 1531 1308 ,

468 1325 560 1369 ἀλλ’
593 1326 697 1381 ἀμφὶ
730 1320 929 1381 πλευρῇσι
964 1325 1088 1381 δορὰς
1121 1328 1254 1378 αἰγῶν
1286 1326 1561 1385 κατέτριβον,

513 1399 592 1449 ἔξω
625 1398 661 1441 δ’
695 1399 789 1441 ὥστ’
823 1397 971 1453 ἔλαφοι
1001 1398 1115 1452 τῆσδ’
1148 1398 1344 1453 ἐνέμοντο
1376 1398 1538 1449 πόλεος·

465 1474 535 1514 καὶ
568 1474 643 1514 νῦν
673 1470 745 1512 εὶ’σ’
779 1470 962 1523 ἀγαθοί,
989 1470 1258 1527 Πολνπαΐδη·
1287 1473 1317 1528 1)
1342 1473 1383 1514 οἱ
1409 1471 1452 1514 δὲ
1470 1474 1569 1528 πρὶν
1587 1471 1736 1517 ἐσθλοί

455 1564 463 1575 =
529 1547 604 1587 νῦν
637 1542 782 1586 δειλοί.
813 1543 877 1592 τίς
909 1559 980 1586 κεν
1013 1543 1131 1586 ταῦτ’
1163 1543 1346 1600 ἀνέχοιτ’
1381 1545 1567 1599 ἐσορῶνς

245 1617 338 1663 Mali
368 1631 460 1663 rem
493 1616 741 1662 familiarem
776 1616 856 1661 sibi
887 1623 1166 1676 pepererunt,
1197 1615 1317 1660 multi
1344 1616 1446 1661 boni
1472 1617 1525 1661 ad
1541 1616 1728 1677 inopiam

243 1689 404 1735 redacti
422 1696 534 1734 sunt.
568 1688 680 1733 Haec
715 1703 842 1734 causa
876 1695 941 1734 est
973 1703 1050 1733 cur
1078 1687 1181 1733 boni
1216 1688 1300 1733 sint
1331 1702 1439 1747 quos
1470 1703 1558 1734 non
1573 1691 1732 1748 pudeat

243 1761 431 1807 nummis
466 1761 651 1820 acceptis
685 1760 753 1806 ius
785 1776 833 1806 ac
870 1762 929 1806 fas
964 1775 1090 1806 omne
1122 1761 1274 1805 delere.
1306 1760 1431 1806 Filias
1466 1762 1580 1806 enim
1599 1765 1731 1810 malo-

244 1848 342 1879 rum
390 1835 554 1879 ducunt
600 1848 785 1893 suasque
818 1834 939 1878 malis
975 1834 1019 1878 in
1050 1833 1323 1878 matrimonio
1355 1834 1583 1888 collocant,
1626 1836 1731 1882 'dum

250 1921 447 1965 magnam
490 1921 541 1951 ex
581 1920 630 1951 ea
660 1920 707 1951 re
737 1906 963 1964 pecuniam
995 1906 1200 1964 redigant.
1232 1904 1421 1955 Πλοῦτος
1453 1906 1564 1960 ἔμιξε
1595 1907 1729 1971 γένος.

247 1978 305 2024 Cf.
353 1994 413 2024 vs.
459 1977 700 2024 193—196.
752 1979 883 2023 Tanta
931 1986 996 2024 est
1028 1979 1090 2023 vis
1121 1993 1398 2023 nummorum
1428 1985 1476 2023 ut
1507 1993 1561 2024 ne
1592 1980 1731 2027 Theo-

248 2050 342 2109 gnis
374 2050 547 2110 quidem
577 2065 650 2096 eos
683 2059 865 2110 spernat.
899 2051 1009 2104 Quin
1038 2052 1174 2097 bonos
1210 2052 1323 2097 solos
1354 2052 1610 2110 pecuniosos
1635 2067 1730 2100 esse

248 2122 453 2169 decebat:

310 2193 436 2254 (525)
466 2194 551 2238 Καὶ
580 2199 657 2251 γάρ
687 2212 752 2239 τοι
784 2195 965 2239 πλοῦτον
995 2198 1071 2251 μὲν
1100 2197 1211 2253 ἔχειν
1243 2196 1470 2249 ἀγαθοῖσιν
1506 2197 1665 2254 ἔοικεν,

505 2272 532 2323 ἦ
558 2269 683 2324 πενίη
713 2268 757 2311 δὲ
788 2272 904 2325 κακῷ
939 2271 1142 2324 σύμφορος
1170 2268 1293 2323 α’νδρὶ
1325 2268 1481 2323 φέρειν.

249 2339 418 2384 Etenim
457 2341 556 2386 mali
586 2341 767 2386 fortunis
799 2342 1035 2386 abutuntur
1068 2343 1121 2387 ad
1152 2348 1309 2387 statum
1340 2342 1597 2401 reipublicae
1629 2358 1731 2389 con-

249 2413 515 2466 vellendum,
542 2413 645 2458 boni
679 2428 786 2459 vano
817 2415 976 2473 populo
1011 2421 1110 2458 sunt
1141 2428 1214 2458 arx
1245 2420 1287 2459 et
1317 2415 1710 2472 propugnaculum:

306 2553 334 2595 ¹)
368 2554 448 2587 Olim
470 2556 661 2589 scribebatur
683 2555 912 2599 Πολυπαίδη
926 2581 934 2597 ,
959 2556 1054 2588 donec
1080 2555 1212 2597 Elmsley
1236 2555 1336 2587 nescio
1358 2555 1410 2587 ubi
1424 2556 1543 2588 monuit
1555 2556 1735 2589 vocabulum

247 2622 314 2644 esse
336 2613 472 2655 quinque
495 2614 691 2656 syllabarum.
713 2615 943 2647 Schneidewino
970 2613 1014 2657 (p.
1039 2613 1095 2655 50)
1130 2611 1394 2654 ,,Ῑ]ολιιπαί”δης
1419 2618 1467 2645 est
1491 2614 1737 2656 patronsmicum

251 2670 365 2712 Cyrni,
387 2681 404 2702 a
427 2671 523 2713 patris
544 2673 664 2706 nomine
691 2671 952 2710 11ολι·πᾶϊςί.6.
967 2670 1201 2709 Hoamcdnwv
1214 2692 1224 2709 ‚
1240 2671 1335 2702 forma
1347 2670 1546 2703 Doriensibus
1558 2673 1735 2704 suetae·—

253 2727 394 2760 Welcker
429 2729 476 2772 (p.
509 2729 562 2771 Gt)
599 2729 793 2772 Polypaidam
830 2740 847 2762 a
876 2729 975 2771 Cyrno
999 2729 1156 2761 diversum
1180 2738 1246 2760 esse
1269 2737 1454 2770 gnomasque
1477 2729 1515 2760 ad
1538 2729 1733 2771 Polypaidam

250 2791 424 2827 separatum
460 2786 646 2827 Theognidis
678 2788 790 2820 librum
824 2788 918 2820 fuisse
941 2792 1040 2829 putat.
1083 2787 1113 2819 Si
1137 2796 1205 2818 vcro
1229 2784 1471 2830 ῙῙολυπαΐδης
1495 2787 1574 2819 alius
1597 2793 1678 2820 esset
1700 2797 1735 2820 ac

251 2843 394 2885 Κύρνος
409 2868 416 2879 ,
443 2854 549 2876 versus
571 2844 699 2878 57—60
723 2856 740 2877 a
763 2846 971 2888 superioribus
992 2844 1167 2885 segregandi
1190 2849 1302 2876 essent.
1338 2844 1397 2877 Sed
1419 2855 1566 2887 compone
1589 2845 1665 2878 mihi
1688 2854 1734 2880 vs.

255 2900 478 2934 ¹109-1114.
504 2901 584 2934 Num
607 2903 682 2945 quid
705 2903 788 2936 aliud
812 2904 969 2935 continent
989 2912 1081 2945 quam
1104 2906 1282 2944 excerptum
1306 2913 1322 2934 c
1351 2912 1395 2934 vs.
1420 2903 1548 2936 53—60
1572 2909 1603 2937 et
1630 2905 1735 2939 183-

255 2957 318 2991 192
350 2959 518 2992 connatis?
556 2960 662 2993 Nonne
695 2961 766 2993 hinc
798 2966 922 3004 apparet
955 2971 1060 2993 omnes
1091 2970 1144 2993 605
1176 2969 1282 2992 versus
1312 2960 1353 2992 ita
1376 2961 1456 2994 inter
1478 2971 1510 2994 se
1532 2972 1682 2997 connexos
1703 2967 1734 2996 et

252 3022 341 3061 aptos
367 3026 434 3050 esse
457 3021 491 3049 ut
515 3015 757 3062 Πολυπαΐδης
780 3019 861 3051 idem
885 3019 937 3061 qui
968 3018 1104 3061 Κύρνος
1125 3027 1191 3050 6556
1215 3016 1343 3050 debeat?
