1898 3386
907 249 958 293 11

198 381 256 426 Cf.
306 394 365 425 vs.
406 378 577 433 51—8;
624 377 864 424 1135—50.
914 378 967 423 Et
1010 392 1148 424 raram
1190 394 1284 425 esse
1316 378 1512 437 perhibet
1542 378 1676 424 fideli-

201 459 331 498 tatem
361 451 620 496 amicorum:

287 522 384 582 (79)
414 524 610 577 Παϋρους
640 522 837 577 εὑρήσεις,
867 520 1124 577 Πολυπαίδη
1142 556 1153 574 ,
1180 522 1340 578 ἄνδρας
1369 524 1554 578 ἑταίρους

460 596 630 644 πιστούς
661 596 705 636 ἐν
738 592 932 650 χαλεποῖς
962 599 1170 648 πρήγμασι
1202 594 1501 649 γιγνομένους,

393 668 546 715 οἵτινες
575 669 630 709 ἂν
663 665 848 720 τολμῷεν
867 698 879 718 ,
911 667 1122 721 ὁμόφρονα
1151 668 1290 719 θυμὸν
1323 666 1488 723 ἔχοντες
1508 701 1517 715 .

460 734 550 781 ἶσον
582 741 666 780 τῶν
704 739 883 790 ἀγαθῶν
915 741 1000 780 τῶν
1031 755 1073 780 τε
1101 741 1241 781 κακῶν
1273 738 1473 795 μετέχειν.

202 812 259 858 cf.
291 826 350 856 vs.
384 809 552 864 73—4;
587 809 786 864 1115—6;
819 809 1014 864 997-83
1046 809 1258 856 857—60.
1294 811 1388 870 Ipse
1420 811 1624 870 gloriatur
1656 827 1679 857 a

206 898 251 929 se
282 883 447 927 nullum
481 896 669 939 unquam
704 882 889 927 amicum
920 882 1136 940 proditum
1171 897 1295 927 esse:

264 954 390 1013 (529)
422 954 587 996 Οὐδένα
613 971 678 996 πω
707 953 928 1009 προῦδωκα
955 953 1077 1007 φίλον
1112 956 1180 995 καὶ
1210 955 1357 996 πιστὸν
1385 956 1575 1008 ἑταῖρον,

465 1025 554 1068 οὐδ’
586 1029 630 1069 ἐν
663 1028 735 1082 ἐμῇ
767 1033 884 1084 ψυχῇ
914 1025 1082 1068 δούλιον
1115 1025 1236 1068 οὐδὲν
1269 1025 1347 1068 ἔνι.

206 1100 263 1146 Gt.
296 1114 355 1144 vs.
387 1097 559 1144 ΖΕΒ-8
577 1114 586 1153 ;
620 1098 804 1143 415--8,
854 1098 997 1143 Unum
1028 1097 1220 1143 omnium
1254 1097 1435 1142 maxime
1466 1098 1518 1142 ab
1535 1096 1682 1142 amicis

207 1172 419 1231 postulat,
454 1178 503 1218 ut
533 1171 712 1216 candido
747 1170 832 1215 sint
864 1170 1030 1215 animo:
1263 1199 1281 1221 .

297 1243 394 1302 (87)
424 1248 500 1296 Μή
517 1242 560 1296 μ’
578 1243 719 1284 ἔπεσιν
736 1245 812 1296 μὲν
829 1242 969 1295 στέργε
984 1273 995 1291 ,
1015 1245 1112 1284 νόον
1130 1241 1168 1283 δ’
1184 1242 1250 1298 ἔχε
1268 1244 1337 1283 καὶ
1356 1241 1510 1296 φρένας
1523 1241 1657 1293 ἄλλας
1672 1278 1681 1294 ,

463 1316 500 1357 εἴ
527 1333 574 1368 με
606 1313 737 1367 φιλεῖς
768 1317 842 1357 καί
871 1329 935 1356 σοι
965 1316 1107 1363 πιστός
1141 1314 1275 1356 ἔνεστι
1306 1316 1399 1363 νόος
1417 1345 1427 1361 ,

407 1386 515 1429 οέλλὰ
544 1386 653 1440 φίλει
680 1389 871 1441 καθαρόν
898 1375 1074 1440 θέμενος
1104 1389 1220 1435 νόον,
1249 1389 1276 1439 ἦ
1300 1385 1343 1440 μ’
1369 1387 1584 1431 ἀποειπὼν

465 1458 632 1516 ἕχθαιρ’
651 1492 663 1511 ,
696 1458 910 1513 ἀμφαδίην
944 1463 1078 1507 νεῖκος
1108 1458 1359 1512 ἀειράμενος.

409 1533 452 1580 ὃς
483 1530 528 1572 δὲ
558 1536 630 1584 μιῇ
665 1529 825 1586 γλώσσῃ
853 1529 936 1586 δίχ’
967 1530 1051 1586 ἕχει
1084 1532 1210 1581 νόον,
1239 1519 1357 1578 οὗτος
1383 1532 1545 1584 ἑταῖρος

466 1601 616 1652 δειλός,
652 1601 807 1655 Κύρν’,
840 1603 987 1658 ἐχθρός
1016 1600 1206 1658 βέλτερος
1230 1605 1257 1656 ἠ
1284 1600 1402 1655 φίλος
1429 1603 1500 1644 ὤν.

208 1677 265 1722 Cf.
300 1689 359 1720 vs.
396 1673 538 1720 93—(5
555 1690 566 1729 ;
597 1673 854 1728 599—602;
886 1673 1069 1719 851—2.
1111 1674 1163 1718 Et
1188 1674 1379 1732 profecto
1408 1688 1536 1731 quem
1554 1676 1684 1720 animi

208 1748 435 1793 candorem
482 1747 585 1792 alios
634 1746 802 1805 poscit,
849 1760 900 1791 eo
931 1746 1021 1804 ipse
1054 1745 1271 1804 praeditus
1305 1753 1382 1791 est.
1432 1746 1541 1799 Quid
1572 1747 1685 1792 enim

207 1818 395 1877 apertius
445 1818 528 1863 dici
571 1825 714 1877 potest
759 1831 886 1875 quam
932 1818 1006 1862 ubi
1047 1824 1292 1862 exsecratur
1322 1818 1366 1862 in
1398 1833 1442 1863 se
1477 1833 1524 1863 ac
1557 1834 1684 1864 suum

208 1897 357 1949 caput,
391 1890 427 1935 si
457 1890 604 1935 amicis
637 1904 787 1949 opem,
823 1889 1007 1934 inimicis
1038 1891 1198 1935 malum
1230 1903 1317 1934 non
1346 1890 1480 1935 dabit:

268 1960 395 2020 (869)
426 1960 511 2005 ’Ἑν
535 1979 606 2016 μοι
641 1963 788 2004 ἔπειτα
814 1961 931 2004 πέσοι
960 1962 1089 2017 μέγας
1120 1963 1294 2019 οὐρανός
1326 1962 1442 2018 εὐρύς
1474 1964 1658 2020 ὕπερθεν

472 2033 664 2091 χάλκεος,
701 2035 941 2090 ἀνθρώπων
973 2035 1094 2089 δεῖμα
1125 2035 1410 2093 χαμαιγενέων
1430 2068 1440 2082 ,

413 2108 449 2148 εἷ
479 2109 533 2161 μὴ
566 2107 646 2159 ἐγὼ
677 2112 810 2150 τοῖσιν
840 2109 916 2162 μὲν
949 2107 1160 2164 ἐπαρκέσω
1190 2111 1233 2150 οἵ
1259 2126 1307 2162 με
1339 2108 1555 2163 φιλεῦσιν,

473 2183 560 2228 τοῖς
590 2178 629 2220 δ’
662 2181 826 2235 ἐχθροῖς
856 2180 955 2234 οένίη
987 2183 1057 2222 καὶ
1087 2181 1195 2235 μέγα
1225 2182 1325 2236 πῆμ’
1358 2182 1517 2236 ἔσομαι.

211 2252 269 2298 Cf.
315 2266 376 2296 vs.
421 2250 661 2297 1029—36.
711 2251 822 2304 Quid
866 2252 1086 2299 candidius
1132 2267 1259 2310 quam
1306 2254 1380 2299 ubi
1434 2255 1513 2299 hac
1562 2268 1688 2313 prece

210 2324 427 2369 Castorem
458 2330 502 2369 et
529 2323 743 2369 Pollucem
775 2324 950 2370 adorat:

241 2394 397 2454 (1087)
430 2399 597 2452 Κάστορ
628 2399 697 2438 καὶ
729 2395 1016 2447 Πολύδευκες.
1047 2399 1087 2438 οἳ
1118 2399 1162 2440 ἐν
1193 2397 1484 2452 Λακεδαίμονι
1513 2397 1578 2453 δίῃ

399 2479 405 2483 ”
472 2467 605 2511 ναίετ’
632 2467 699 2510 ἐπ’
725 2468 904 2524 Εὐρώτα
934 2468 1142 2525 καλλιρόῳ
1171 2475 1344 2525 ποταμῷ
1364 2502 1374 2520 ,

421 2539 459 2582 εἴ
485 2556 585 2582 ποτε
615 2539 884 2597 βουλεύσαιμι
913 2540 1021 2596 φίλῳ
1053 2545 1183 2584 κακόν
1202 2573 1212 2592 ‚
1248 2542 1371 2591 αὐτὸς
1398 2542 1547 2599 ἔχοιμι·

475 2614 511 2654 εἷ
538 2611 582 2654 δέ
613 2630 654 2655 τι
686 2617 819 2662 κεῖνος
845 2615 958 2667 ἐμοί,
988 2613 1051 2663 δὶς
1082 2617 1203 2656 τόσον
1231 2614 1354 2663 αὐτὸς
1384 2615 1485 2671 ἔχοι.

213 2683 270 2729 Cf.
313 2698 372 2728 vs.
414 2682 595 2729 957—8.
643 2683 686 2729 Si
725 2692 841 2730 recte
871 2685 1034 2747 dictum
1064 2693 1129 2731 est
1164 2686 1369 2743 obsequio
1402 2686 1588 2739 amicos,
1621 2701 1692 2732 ve-

214 2754 338 2800 ritate
369 2755 516 2800 odium
545 2756 660 2815 pari,
705 2757 883 2803 sortasse
913 2757 1066 2802 veritas
1098 2758 1177 2802 luit
1211 2772 1338 2802 causa
1369 2772 1447 2803 cur
1477 2758 1690 2816 Theognis

217 2827 451 2872 multorum
496 2828 642 2872 odium
687 2835 730 2873 et
772 2829 974 2874 invidiam
1003 2830 1048 2874 in
1080 2844 1124 2875 se
1156 2830 1424 2875 contraxerit.
1471 2830 1692 2888 Temporis

215 2899 370 2945 iniuria
418 2899 576 2949 factum
621 2907 686 2946 est
711 2907 761 2945 ut
791 2908 1087 2960 praeterquam
1117 2902 1169 2947 de
1199 2902 1434 2961 Theagenis
1468 2902 1690 2961 tyrannide

219 2978 261 3016 et
299 2971 350 3017 de
382 2972 528 3031 populi
559 2972 700 3019 furore
730 2973 803 3030 qui
832 2973 944 3019 illam
973 2973 1166 3032 excepit,
1204 2975 1256 3020 de
1285 2974 1523 3031 antiquiore
1553 2974 1689 3033 Mega·-
