1898 3386
846 254 897 301 51

127 385 282 443 πρῆξαι
305 385 507 439 μέντοιτι
523 386 578 445 ¹).
613 386 725 432 Haeo
752 386 933 445 intelligi
963 401 1051 433 non
1081 387 1200 447 prius
1232 395 1416 447 possunt
1432 424 1442 443 ‚
1476 401 1605 447 quam

128 472 229 503 cum
271 458 476 517 proximis
509 458 835 517 coniungantur.
884 459 994 504 Tum
1024 460 1198 505 demum
1230 467 1404 519 apparet
1433 459 1610 504 infiniti-

127 544 231 575 vum
279 531 434 585 πρῆξαι
480 531 666 588 pendere
710 545 763 576 ex
791 545 843 576 eo
872 532 989 589 quod
1019 531 1064 577 in
1094 531 1239 587 μέντοι
1263 550 1305 575 τι
1334 533 1474 578 lateat.
1520 531 1612 591 Syl-

129 602 223 647 laba
267 619 309 646 τι
349 602 509 648 indicat
551 602 895 648 terminationem
941 603 1082 649 dativi.
1131 603 1246 657 Quae
1275 604 1440 650 litterae
1485 617 1610 662 saepe

134 675 491 720 confunduntur?
537 674 630 728 Quo
662 676 827 736 ducunt
855 691 916 735 vs.
948 676 1063 721 1075
1095 683 1136 733 et
1166 675 1309 723 1076:

335 752 573 804 πρήγματος
603 748 818 804 οἷπρήκτου
847 747 1146 805 χαλεπώτατόν
1177 751 1261 791 ἐστι
1293 747 1489 802 τελευτήν

394 823 556 872 γνῶναι
573 853 586 874 ,
619 821 728 870 ὅπως
757 818 898 875 με’λλει
926 825 1048 864 τοῦτο
1077 823 1175 871 θεὸς
1206 821 1382 864 τελέσαι.

134 892 294 950 Nempe
323 905 375 937 eo
404 898 454 937 ut
483 893 710 951 legendum
740 907 835 939 esse
866 893 1081 939 videatur:

367 967 439 1006 καὶ
462 964 615 1020 πρῆξαι
644 963 842 1019 μέλλοντι
873 970 945 1008 καὶ
977 969 1021 1009 ἐκ
1054 971 1183 1010 κακοῦ
1216 966 1369 1010 ἐσθλὸν
1403 967 1570 1020 ἔγεντο,

423 1040 495 1079 καὶ
526 1039 658 1081 κακὸν
689 1038 732 1087 ἐξ
765 1038 950 1091 ἀγαθοῦ·

138 1265 198 1296 VS.
229 1251 342 1298 ’1097
376 1252 498 1310 ”Ηδη
529 1259 600 1298 καὶ
631 1262 898 1313 πτερύγεσσιν
931 1261 1152 1314 ἐπαίρομαι
1184 1260 1286 1301 ὥστε
1317 1260 1507 1300 πετεινόν

427 1329 472 1369 ἐκ
503 1326 651 1383 λίμνης
682 1330 890 1386 μεγάλης,
923 1331 1063 1387 ἄνδρα
1097 1333 1228 1374 κακὸν
1260 1332 1519 1386 προφυγὼν,

369 1401 547 1457 βρόκχον
579 1401 829 1457 ἀπορρήξας·
864 1404 910 1444 σύ
943 1402 982 1445 δ’
1016 1406 1112 1458 ἐμῆς
1142 1403 1363 1459 φιλότητος
1391 1403 1591 1458 ἁμαρτών

425 1473 594 1529 ὕστερον
625 1474 826 1530 ἡμετέρην
858 1478 997 1532 γνώσῃ
1029 1478 1324 1532 ἐπιφροσύνην.

372 1543 517 1595 εὈσι-ις
547 1561 610 1588 σοι
641 1546 865 1600 βούλευσεν
900 1550 992 1603 ἐμεῦ
1024 1549 1118 1604 πέρι
1137 1583 1147 1600 ,
1181 1550 1252 1592 καί
1283 1548 1320 1590 σ’
1349 1546 1561 1591 ἐκέλευσεν

427 1618 620 1674 οἴχεσθαι
654 1618 911 1674 προλιπόνθ’
942 1620 1142 1675 ἡμετέρην
1177 1620 1333 1676 φιλίην.

140 1685 247 1731 Cum
297 1700 380 1745 qua
427 1703 503 1734 ave
550 1691 761 1736 sententia
805 1693 993 1749 postulat
1038 1700 1087 1738 ut
1130 1700 1255 1750 poeta
1297 1708 1342 1738 se
1372 1689 1627 1750 comparet?

138 1755 288 1803 Nonne
333 1774 433 1805 eum
478 1755 683 1821 eaquae
715 1770 878 1809 ceteras
911 1772 1083 1822 superet
1111 1765 1369 1810 velocitate?
1415 1763 1542 1821 Opus
1561 1768 1628 1807 est

139 1836 189 1873 ut
231 1830 337 1876 haec
380 1832 469 1878 avis
500 1834 738 1880 definiatur.
788 1837 987 1882 Definitio
1018 1838 1119 1882 latet
1149 1838 1194 1882 in
1226 1837 1385 1892 λίμνης.
1433 1835 1535 1880 Mihi
1568 1834 1630 1879 vi-

142 1900 268 1946 detur
308 1910 433 1960 poeta
464 1906 649 1951 voluisse
679 1910 871 1951 πετεινὸν
908 1911 952 1950 ἐκ
998 1912 1161 1965 Λιβύης
1181 1910 1231 1967 2).
1272 1908 1420 1954 Obstat
1453 1907 1628 1967 quidem

141 1975 258 2032 quod
306 1975 562 2022 adieetivum
606 1978 764 2034 μεγάλη
809 1981 1075 2026 substantivo
1109 1984 1250 2038 Λιβύη
1292 1996 1378 2026 non
1420 1981 1527 2025 solet
1565 1985 1628 2023 at-

141 2045 299 2100 tribui,
346 2048 420 2093 sed
461 2056 586 2107 poeta
626 2051 835 2108 sequioris
882 2060 947 2097 est
987 2053 1136 2098 aetatis
1171 2060 1213 2098 et
1243 2067 1344 2098 sane
1377 2055 1518 2108 Λιβύη
1548 2065 1626 2110 po-

140 2118 227 2164 tius
271 2119 428 2175 μεγάλη
474 2134 603 2178 quam
645 2127 773 2178 μικρά
803 2123 982 2169 dicenda
1015 2132 1092 2169 est.
1139 2125 1264 2183 Apud
1297 2124 1525 2183 scriptores
1560 2137 1630 2168 so-

141 2190 220 2235 luti
258 2192 467 2238 sermonis
497 2194 645 2239 eadem
678 2195 767 2240 avis
798 2197 1034 2254 appellatur
1065 2198 1268 2252 στρουθὸς
1299 2199 1500 2253 Λιβυκός.
1533 2194 1626 2240 vid.

144 2262 318 2309 Aristot.
351 2264 403 2310 de
432 2272 558 2323 partt.
594 2266 722 2312 anim.
756 2268 819 2321 II,
853 2267 937 2323 14;
970 2268 1048 2322 IV,
1084 2269 1140 2313 12
1171 2269 1273 2324 fin.;
1308 2269 1386 2322 IV,
1423 2268 1480 2313 14
1509 2266 1626 2321 init.;

143 2334 195 2379 de
239 2349 333 2393 gen.
382 2350 448 2381 an.
480 2337 562 2391 ΙΙΙ,
595 2338 617 2383 1
653 2340 763 2384 med.
814 2340 960 2398 Neque
992 2341 1229 2399 poenitebit
1256 2339 1488 2385 contulisse
1517 2338 1624 2383 Xen.

146 2406 276 2451 Anah.
328 2407 372 2461 1,
405 2421 459 2462 v,
505 2408 545 2454 3.
596 2411 650 2455 At
689 2412 821 2456 altero
862 2412 990 2456 etiam
1019 2412 1122 2457 vitio
1152 2414 1272 2458 locus
1303 2413 1477 2457 laborat.
1523 2409 1628 2455 Uter

78 2523 83 2527 ,
146 2479 322 2534 βρόκχον
367 2479 605 2536 ἀπέρρηξεῗ
652 2482 793 2538 Ἀνὴρ
840 2487 966 2533 κακός
1010 2499 1064 2529 an
1104 2485 1266 2543 poeta?
1310 2484 1402 2536 Quo
1443 2483 1627 2527 refertur

146 2551 292 2599 bom-‘z
349 2551 442 2597 Duo
501 2553 683 2599 disticha
742 2556 885 2600 locum
944 2564 1175 2601 mutarunt.
1238 2556 1393 2602 Totum
1454 2567 1624 2600 carmen

147 2623 425 2682 redigendum
455 2639 548 2671 esse
582 2641 735 2673 censeo
766 2627 811 2672 in
844 2629 960 2672 huno
992 2629 1206 2674 ordinem:

375 2695 495 2752 ”Ηδη
524 2701 593 2740 καὶ
626 2702 894 2754 πτερύγεσσιν
926 2703 1148 2756 ἐπαίρομαι
1180 2702 1281 2743 ὥστε
1312 2703 1505 2758 πετεινόν

435 2771 479 2810 ἐκ
511 2773 673 2827 Λιβύης
700 2772 909 2827 μεγάλης,
940 2774 1075 2828 ἄνδρα
1108 2775 1236 2816 κακὸν
1269 2775 1520 2827 προφυγὼν,

185 2905 213 2946 ¹)
240 2905 359 2939 Brunck
387 2911 456 2951 χρὴ
481 2911 633 2953 πρῆξαι,
658 2911 795 2952 llartung
819 2913 879 2945 καὶ
906 2913 1037 2956 πρῆξαι
1061 2914 1225 2953 μεμαῶτι
1250 2927 1285 2946 τι
1309 2913 1376 2946 κάκ
1403 2914 1529 2946 κακοῦ.

186 2961 217 3006 ²)
243 2963 340 3005 Bergk
361 2971 448 2998 antea
477 2968 600 3010 scripsit
623 2969 659 3000 ἐκ
685 2970 798 3013 λινέης
821 2972 999 3013 μεγάλης,
1022 2973 1053 3004 in
1078 2972 1167 3004 tertia
1188 2972 1263 3005 edit.
1283 2972 1412 3004 coniecit
1435 2972 1469 3003 ἐκ
1483 2971 1623 3013 ξυλίνης

147 3021 295 3064 καλιῆςὶ
319 3021 470 3056 Hermann
493 3025 529 3056 ἐκ
554 3025 688 3068 λόχμης
710 3040 758 3068 μ..
781 3028 871 3060 Orelli
894 3029 930 3060 ἐκ
954 3029 1069 3071 λύμης
1083 3042 1129 3068 μ.
1150 3047 1192 3053 -
