1898 3386
1014 239 1070 284 48

1008 443 1082 487 VI.

356 585 502 630 Restat
532 592 581 629 ut
613 585 842 630 nonnullos
874 587 989 631 locos
1021 586 1266 645 singulatim
1296 594 1486 633 tractem.

301 671 362 703 VS·
395 656 452 702 83
482 657 541 699 Οὐ
567 661 735 707 τόσσους
771 656 945 715 χἐὗροις
976 658 1193 713 διζήμενος
1224 659 1312 701 οὐδ’
1347 662 1414 702 ἐπὶ
1445 664 1610 710 πάντας

531 730 809 785 ἀνθρώπους,
844 731 912 781 οὓς
944 738 1044 781 ναῦς
1073 735 1127 786 μὴ
1157 734 1234 787 μία
1264 737 1427 782 πάντας
1455 736 1579 786 ἄγοι,

410 854 412 858 ι
471 800 580 846 οἷσιν
612 804 680 845 ἐπὶ
712 806 877 861 γλώσσῃ
909 821 951 847 τε
983 807 1054 847 καὶ
1085 803 1368 859 ὀφθαλμοῖσιν
1401 805 1568 848 ἔπεστιν

529 874 679 927 αἰδώς,
711 875 802 918 οὐδ’
833 879 1002 934 αἰσχρόν
1035 878 1149 934 χρῆμ’
1183 877 1252 919 ἔπι
1287 876 1431 932 κέρδος
1459 881 1570 930 ἄγει.

360 946 540 1006 Bergkio
570 947 708 993 visum
740 955 805 994 est
832 949 879 991 οὐ
911 952 1078 999 τόσσους
1108 948 1281 1006 χἐὕροις
1307 950 1493 995 scrihere
1509 964 1587 1009 pro
1609 952 1781 1000 τούτους

299 1018 397 1073 οὐκ,
446 1020 563 1078 quod
607 1020 779 1079 praebet
825 1021 1088 1067 Mutinensis.
1138 1022 1260 1068 Certe
1305 1037 1413 1081 opus
1455 1029 1521 1068 est
1551 1022 1782 1081 particula,

299 1105 408 1150 quae
441 1091 617 1150 optativi
649 1092 734 1137 vim
765 1093 977 1139 terminet.
1013 1094 1224 1140 Distracto
1256 1094 1330 1136 οὐκ
1361 1094 1406 1139 in
1437 1095 1542 1140 duas
1575 1095 1778 1154 syllabas,

300 1162 455 1208 emicat
501 1180 568 1218 κε,
617 1165 732 1222 quod
766 1165 908 1225 ipsum
940 1167 1192 1225 postulatur.
1241 1166 1376 1225 Igitur
1406 1166 1681 1212 scribendum
1716 1172 1782 1212 est

299 1237 473 1285 τούτους
500 1236 547 1278 οὐ
578 1235 616 1294 χ’
639 1237 772 1293 εὕροις
801 1241 884 1284 κτὲ.
919 1237 1136 1284 Sententia
1166 1245 1252 1284 est:
1284 1240 1361 1294 μία
1393 1243 1497 1288 νᾶυς
1529 1242 1702 1288 τούτους
1724 1240 1781 1282 ἂν

248 1338 255 1353 ,
300 1310 464 1357 πάντας
506 1311 630 1361 ἄγοι,
678 1307 739 1359 οἷς
782 1310 866 1355 κτέ.
918 1310 1027 1357 Hinc
1072 1318 1247 1371 apparet
1290 1314 1459 1361 τόσσους
1496 1310 1666 1357 tolerari
1694 1324 1783 1357 non

300 1394 440 1438 posse,
475 1380 665 1427 Petreius
701 1383 844 1428 Tiaras
870 1384 1018 1429 vertit:

504 1453 572 1498 vix
606 1454 755 1509 etiam,
791 1470 995 1515 magnum
1026 1456 1219 1513 quamvis
1251 1456 1540 1516 peragraveris
1570 1456 1738 1511 orbem,

560 1526 751 1573 invenies
782 1528 984 1582 totidem,
1017 1535 1123 1586 quot
1152 1528 1255 1574 ratis
1290 1518 1375 1574 una
1400 1529 1545 1582 vehat,

511 1611 696 1656 quorum
727 1600 844 1646 frons
878 1601 1076 1658 oculique
1108 1609 1257 1660 gerant
1289 1608 1330 1647 et
1359 1602 1503 1661 lingua
1532 1602 1740 1662 pudorem

565 1678 607 1716 et
638 1685 747 1729 quos
781 1673 834 1717 ad
865 1673 1027 1718 facinus
1060 1687 1147 1719 non
1179 1681 1274 1732 agat
1298 1674 1407 1720 aeris
1438 1689 1569 1721 amor.

363 1741 551 1788 Praestat
585 1751 771 1790 vertere:
803 1745 880 1789 vix
910 1745 1031 1799 illos,
1067 1753 1147 1791 cet.

302 2043 363 2076 VS.
397 2028 483 2075 '105
514 2028 687 2079 Δειλούς
719 2025 763 2072 εὖ
792 2030 958 2086 ἕρδοντι
987 2034 1249 2086 ματαιοτάτη
1281 2034 1395 2088 χάρις
1427 2033 1554 2075 ἐστίν·

566 2100 656 2146 ἴσον
688 2105 759 2145 καὶ
797 2104 978 2160 σπείρειν
1012 2107 1170 2146 πόντον
1202 2102 1302 2154 ἁλός
1335 2103 1510 2158 πολιῆς,

507 2177 599 2218 οὔτε
626 2178 702 2231 γὰρ
733 2178 788 2219 ἂν
819 2179 976 2220 πόντον
1009 2179 1184 2233 σπείρων
1215 2179 1331 2235 βαθύ
1364 2176 1480 2230 λήϊον
1512 2176 1653 2232 οἷμῷς,

563 2250 656 2290 οὔτε
687 2250 839 2298 κακούς
870 2244 915 2291 εὖ
944 2249 1054 2305 δρῶν
1086 2245 1132 2292 εὖ
1159 2249 1288 2292 πάλιν
1319 2247 1581 2306 ἀντιλάβοις·

505 2320 722 2376 ἄπληστον
751 2324 829 2377 γάρ
862 2322 1000 2379 ἔχουσι
1032 2325 1154 2364 κακοὶ
1185 2326 1298 2365 νόον·
1330 2326 1382 2376 ὴν
1422 2321 1458 2363 δ’
1491 2321 1536 2364 ἓν
1568 2323 1782 2379 ἁμάρτῃς,

564 2396 649 2437 τῶν
680 2398 865 2450 πρόσθεν
897 2399 1068 2438 πάντων
1101 2395 1320 2452 ἐκκέχυται
1356 2393 1539 2449 φιλότης.

508 2467 548 2507 οἱ
578 2465 616 2508 δ’
647 2466 805 2520 dyo-‘35⁴2
841 2469 886 2509 τό
916 2467 1112 2522 μέγιστον
1144 2469 1438 2523 ἐπαυρίσκουσι
1465 2466 1708 2517 παθόντες,

568 2544 710 2594 μνῆμα
742 2539 777 2582 δ’
811 2540 944 2596 ὲ’χουσ’
976 2541 1156 2592 ἀγαθῶν
1189 2542 1259 2581 καὶ
1294 2544 1412 2596 χάριν
1441 2539 1629 2587 ἐξοπίσω.

365 2610 491 2655 Poeta
523 2610 647 2656 dicit:
683 2612 821 2670 »apud
853 2612 986 2657 malos
1012 2612 1151 2657 omnis
1181 2611 1489 2657 beneficiorum
1505 2609 1639 2668 gratia
1654 2621 1788 2666 aeque

309 2697 414 2728 vana
455 2689 519 2727 est
568 2697 615 2728 ac
658 2683 693 2728 si
738 2683 834 2741 quis
873 2683 918 2728 in
958 2684 1064 2729 mari
1096 2691 1327 2729 sementem
1363 2682 1498 2728 saciat.
1547 2682 1654 2727 Nam
1682 2678 1789 2726 nihil

307 2761 443 2799 metas
476 2754 511 2799 si
544 2755 650 2799 mari
681 2755 843 2800 semina
873 2756 1070 2809 mandes,
1106 2770 1185 2801 nec
1218 2756 1449 2813 quidquam
1480 2754 1661 2799 invicem
1691 2765 1790 2810 pro-

310 2827 427 2872 ficias
471 2826 505 2871 si
553 2827 604 2871 de
653 2827 774 2872 malis
816 2828 925 2873 bene
955 2828 1170 2873 merearis.
1202 2827 1370 2872 Etenim
1401 2826 1500 2872 mali
1530 2823 1788 2871 insatiabiles

311 2906 436 2952 sunt,
471 2905 510 2943 ct
546 2899 619 2943 ubi
645 2899 871 2944 minimum
901 2899 1141 2958 peccaveris
1171 2899 1304 2958 gratia
1335 2898 1550 2952 omnium,
1582 2911 1691 2955 quae
1715 2910 1789 2941 an-

312 2978 377 3016 tea
407 2971 590 3029 benigne
622 2972 790 3025 feceris,
824 2972 1035 3017 evanuit.”
1071 2972 1302 3029 Hucusque
1318 2971 1543 3016 difficultas
1560 2976 1624 3015 est
1646 2969 1785 3020 nulla,
