1898 3386
951 235 1010 279 lli

435 368 488 418 ’ὴν
519 365 568 418 δὴ
605 369 678 422 χρὴ
710 368 918 420 φεύγοντα
950 370 1021 409 καὶ
1054 369 1094 417 ἐς
1123 369 1370 424 βαθυκήτεα
1398 368 1557 410 πόντον

495 439 684 493 ῥιπτεῖν,
719 441 790 480 καὶ
822 438 1029 495 πετρέων,
1062 441 1227 494 Κύρνε,
1259 439 1350 481 κατ’
1382 437 1607 497 ἠλιβάτων.

441 512 512 551 καὶ
544 512 621 565 γὰρ
655 510 760 566 ἀνὴρ
791 512 913 568 πενίῃ
945 510 1197 566 δεδμημένος
1227 512 1319 554 οὔτε
1350 529 1390 554 τι
1421 513 1551 555 εἰπεῖν

497 583 579 623 οὔθ
608 581 726 637 ἐ’ρξαι
759 582 967 634 δύναται,
1004 582 1168 636 γλῶσσα
1200 582 1245 626 δέ
1275 585 1316 626 οἱ
1346 583 1525 627 δέδεται.

237 654 284 699 Id
314 654 456 713 ipsum
488 654 532 699 in
563 654 849 714 Theognideis
881 663 1086 715 urgetur,
1120 663 1344 716 propterea
1374 671 1451 716 per
1470 669 1587 702 mare
1611 670 1716 715 pau-

237 726 398 785 periem
429 727 672 785 fugiendam
703 743 796 774 esse
826 743 902 787 per
934 744 1030 774 saxa
1064 743 1140 788 per
1172 729 1291 788 ignes
1310 729 1369 788 ¹),
1402 730 1517 786 quod
1533 743 1715 788 pauper,

236 799 402 844 etiamsi
446 799 491 844 in
529 800 747 858 republica
778 800 832 845 sit
864 801 1241 847 exercitatissimus
1259 839 1269 856 ‚
1302 808 1444 847 tamen
1472 815 1559 846 non
1588 800 1716 846 modo

238 871 346 915 nihil
362 886 486 930 agere
506 871 670 930 possit,
689 873 764 917 sed
779 887 832 918 ne
849 873 1014 918 hiscere
1032 873 1204 930 quidem
1224 874 1387 919 audeat.
1420 874 1477 919 Cf.
1497 888 1557 918 vs.
1573 872 1718 918 419-

238 942 322 998 203
355 943 526 989 683—ss
544 960 554 999 ;
591 943 775 990 815—6.
825 945 965 998 Quum
997 953 1140 992 autem
1173 946 1387 1006 Theognis
1418 947 1516 992 alibi
1546 946 1717 992 licentia

239 1015 407 1060 dicendi
451 1016 595 1075 potius
640 1024 786 1062 utatur
832 1031 960 1075 quam
1005 1019 1249 1073 reticentia,
1285 1033 1423 1077 neque
1454 1027 1596 1065 tamen
1625 1019 1718 1064 fieri

239 1088 376 1147 possit
422 1089 526 1146 quin
572 1091 742 1147 querela
792 1091 843 1136 de
890 1091 1057 1136 silentio
1101 1091 1145 1136 in
1192 1106 1238 1137 re
1268 1099 1448 1151 angusta
1479 1092 1718 1138 viventibus

239 1161 441 1220 imposito
488 1163 539 1207 ab
586 1163 737 1230 eodem
781 1164 994 1222 profectae
1041 1164 1151 1218 sint,
1185 1164 1366 1210 coniicio
1395 1171 1590 1224 poetam,
1621 1171 1720 1224 post

239 1233 425 1278 reditum
471 1234 515 1278 in
559 1234 768 1293 patriam,
816 1250 867 1281 eo
911 1237 1026 1293 quod
1059 1237 1171 1282 bona
1203 1251 1280 1282 sua
1310 1251 1396 1282 non
1425 1228 1721 1296 recupera‘sset

239 1307 471 1351 adductum
503 1321 596 1352 esse
627 1315 676 1352 ut
710 1308 799 1353 illas
834 1309 1027 1365 querelas
1058 1308 1308 1356 effunderet.
1341 1309 1455 1362 Quae
1476 1299 1721 1355 coniectura

242 1379 277 1424 si
322 1393 419 1425 vera
464 1386 553 1434 est,
593 1380 776 1426 efficitur
807 1387 856 1425 ut
891 1381 1150 1440 Theognidis
1181 1381 1368 1426 carmina
1397 1396 1474 1440 per
1504 1381 1585 1426 tria
1615 1388 1722 1427 tem-

241 1451 357 1510 poris
391 1451 551 1510 spatia,
586 1466 769 1509 quorum
804 1452 1000 1498 exsilium
1031 1453 1220 1498 medium
1253 1454 1333 1508 sit,
1366 1454 1620 1499 distribuere
1651 1454 1723 1498 de-

241 1525 418 1569 beamus
436 1523 486 1582 ²).
522 1523 589 1568 Sic
622 1526 794 1570 demum
826 1526 1002 1584 intelligi
1035 1532 1238 1584 poterunt
1268 1527 1372 1571 haec
1404 1526 1555 1572 verba:

302 1595 431 1655 (333)
464 1601 646 1650 Μήποτε
681 1599 872 1652 φεύγοντ’
904 1598 1043 1653 ἄνδρα
1075 1599 1137 1640 ἐπ’
1175 1597 1313 1641 ἐλπίδι
1332 1632 1342 1650 ,
1373 1601 1511 1654 Κύρνε
1536 1597 1721 1655 φιλήσῃς·

504 1669 598 1711 οὐδὲ
631 1672 708 1725 γὰρ
739 1669 882 1712 οἴκαδε
914 1672 990 1727 βὰς
1021 1671 1210 1723 γίγνεται
1242 1671 1365 1720 αὑτὸς
1396 1671 1472 1713 ἔτι.

244 1741 351 1788 Sanc
400 1749 608 1800 quantum
654 1750 843 1788 mutatus
889 1743 940 1787 ab
975 1742 1046 1788 illo
1081 1743 1352 1802 Theognide‚
1388 1743 1460 1801 qui
1493 1743 1598 1788 adeo
1629 1755 1725 1801 par-

249 1815 357 1860 tium
407 1814 625 1860 studiosus
658 1822 722 1860 est
754 1822 802 1860 ut
835 1816 900 1860 vel
932 1815 1182 1874 sanguinem
1212 1815 1550 1861 adversariorum
1582 1814 1722 1868 sitiat,

244 1894 309 1932 est
339 1887 409 1932 hic
441 1887 654 1946 Theognis
686 1888 758 1944 qui
791 1888 965 1933 suadet:

304 1959 430 2019 (219)
463 1960 616 2016 Μηδὲν
643 1964 753 2013 ἄγαν
781 1959 964 2017 ἄσχαλλε
994 1960 1310 2016 ταρασσομένων
1342 1959 1601 2015 πολιητέων,

509 2034 671 2089 Κύρνε,
701 2031 829 2087 μέσην
857 2031 895 2074 δ’
922 2032 1041 2089 ἔρχευ
1068 2036 1145 2087 τὴν
1174 2032 1297 2085 ὁδόν,
1326 2033 1459 2087 ὥσπερ
1497 2033 1593 2085 ἐγώ.

250 2105 307 2151 Cf.
354 2120 414 2150 vs.
465 2103 577 2160 3313
627 2103 725 2150 335.
773 2103 908 2157 Quam
951 2104 1093 2158 mitis,
1141 2118 1269 2162 quam
1301 2104 1528 2164 languidus
1559 2109 1625 2149 est
1655 2101 1725 2147 hic

245 2177 550 2222 mediocritatis
579 2177 797 2222 laudator:

306 2249 432 2308 (¹129)
466 2250 582 2303 Μήτ’
613 2250 763 2304 α’ρετὴν
784 2249 816 2307 3)
849 2250 992 2305 εὔχου,
1026 2248 1306 2304 Πολυπαΐδη,
1340 2249 1480 2306 ἔξοχος
1509 2249 1614 2291 εἶναι
1633 2280 1644 2297 ,

514 2322 605 2376 μήτ’
639 2322 806 2376 ἄφενος·
839 2327 994 2375 μοῦνον
1022 2321 1058 2363 δ’
1089 2321 1211 2377 ἀνδρὶ
1245 2321 1408 2374 γένοιτο
1441 2322 1559 2377 τύχη·

250 2408 349 2453 prae
379 2394 451 2439 illo
482 2394 555 2451 qui
587 2393 934 2452 indignabundus
967 2400 1009 2439 et
1040 2393 1199 2439 fervido
1234 2393 1375 2438 animo
1406 2393 1680 2438 exhortatur:

310 2466 436 2525 (847)
469 2466 564 2515 Λὰξ
596 2468 723 2523 ἐπίβα
755 2466 869 2522 δήμῳ
892 2469 1159 2522 κενεόφρονι,
1191 2469 1316 2511 τύπτε
1347 2465 1391 2508 δὲ
1423 2464 1580 2520 κέντρῳ

305 2636 332 2678 ¹)
372 2636 594 2670 Animadvertit
633 2637 750 2669 Welck.
783 2647 814 2679 p.
847 2636 909 2669 108
947 2635 1104 2668 Horatium
1140 2635 1196 2678 Ep.
1234 2635 1267 2673 1,
1304 2636 1344 2668 46
1372 2636 1410 2669 ad
1434 2637 1515 2669 hunc
1538 2636 1732 2670 notissimum

250 2697 349 2729 locum
372 2694 518 2728 alludere.

303 2753 331 2796 2)
371 2753 464 2784 Aliter
493 2751 612 2784 Welck.
634 2761 663 2793 p.
687 2751 742 2782 Xll
766 2751 820 2784 59.

303 2811 331 2854 ³)
367 2809 479 2854 ἀρετὴ
507 2811 543 2841 δ’
571 2810 738 2842 ἐνταῦθα
761 2809 802 2841 οὐ
828 2809 992 2851 σημαίνει
1015 2809 1061 2840 τὰ
1089 2809 1283 2851 ἐπαινετά,
1307 2809 1367 2841 καὶ
1392 2812 1458 2853 τὴν
1484 2810 1733 2854 δικαιοσύνην,

250 2871 311 2904 καὶ
348 2871 390 2902 τὸ
427 2868 568 2908 κόσμιον
594 2868 655 2900 καὶ
683 2870 750 2910 τὴν
773 2869 837 2899 τοῦ
864 2867 981 2909 ἤθους
1005 2867 1295 2910 καταρρύθμισιν
1318 2885 1363 2890 -
1387 2869 1479 2901 ἀλλὰ
1503 2870 1667 2912 σημαίνει
1689 2870 1732 2901 τὸ

251 2929 393 2968 ἔντιμον
427 2927 488 2959 καὶ
523 2925 690 2968 ἀνδρεῖον
727 2926 787 2957 καὶ
823 2925 1116 2968 μεγαλοπρεπές,
1141 2926 1202 2958 καὶ
1227 2926 1413 2970 λαμπρόν,
1437 2927 1496 2959 καὶ
1527 2927 1675 2970 ἀρχικὸν
1697 2926 1732 2959 ἐν

247 2992 326 3024 ταῖς
345 2984 482 3018 πόλεσι.
519 2984 719 3015 Camerarius.
743 2983 791 3016 Cf.
813 2982 952 3015 653-4.
