1898 3386
993 257 1050 303 26

308 390 392 436 457
426 391 485 432 Οὔ
516 405 582 431 τοι
608 391 814 444 σύμφορον
848 390 932 430 ἐστι
964 392 1071 442 γυνὴ
1100 388 1177 430 νέα
1212 388 1335 442 ἀνδρὶ
1367 389 1550 444 γέροντι·

478 461 525 503 οὐ
556 463 637 515 γὰρ
668 459 862 515 πηδαλίῳ
891 461 1088 503 πείθεται
1122 460 1219 502 ὥστ’
1247 464 1431 512 ἄκατος,

418 533 506 575 οὐδ’
535 536 715 587 ἄγκυραι
747 533 932 588 ἔχουσιν·
965 524 1236 587 ἀπορρήξασα
1271 532 1315 574 δὲ
1347 532 1473 587 δεσμά

474 603 678 654 πολλάκις
710 606 754 646 ἐκ
782 607 948 648 νυκτῶν
981 603 1113 648 ἄλλον
1146 605 1230 661 ἔχει
1261 604 1424 659 λιμένα.

274 679 426 724 Athen.
456 677 549 723 XIII
581 691 621 736 p.
657 676 743 722 560
773 690 807 721 a.
843 680 930 718 Καὶ
967 676 1168 731 Θεόφιλος
1199 676 1242 719 δὲ
1275 679 1319 720 ἐν
1344 677 1633 734 Νεοπτολέμῳ
1658 679 1738 734 ἔφη

475 750 523 792 οὐ
555 751 762 805 σύμφορον
795 748 952 791 νέα’στὶ
984 751 1192 806 πρεσβύτῃ
1223 754 1344 802 γυνή.

478 822 612 875 ὥσπερ
649 822 726 874 γὰρ
757 824 915 869 ἄκατος
946 820 1042 862 οὐδὲ
1073 822 1222 876 μικρὸν
1254 822 1453 863 πείθεται

478 897 541 937 ἑνὶ
569 891 791 949 πηδαλίῳ,
823 895 870 934 τό
904 895 1038 947 πεῖσμ’
1071 893 1341 948 ἀπορρήξασα
1363 893 1407 935 δέ

480 969 523 1007 ἐκ
552 966 701 1014 νυκτὸς
723 964 865 1020 ἕτερον
892 964 1027 1019 λιμέν’
1046 965 1182 1022 ἐ’χουσ’
1203 965 1402 1021 ἐξευρέθη
1427 968 1474 1020 ¹).

334 1157 420 1203 472
480 1160 566 1199 πᾶν
599 1157 677 1210 γὰρ
709 1155 945 1206 ἀναγκαῖον
976 1154 1093 1211 χρῆμ’
1124 1155 1297 1210 οἷνιηρόν
1325 1155 1418 1209 ἔφυ,

277 1231 444 1289 Fragm.
477 1229 610 1274 Euen.
646 1227 672 1273 8

480 1304 566 1344 πᾶν
598 1301 676 1355 γὰρ
706 1299 944 1352 οἷναγκαῒον
976 1299 1132 1354 πρᾶγμ’
1164 1299 1341 1354 α’νιαρὸν
1375 1299 1467 1353 ἔφυ.

307 1494 396 1540 504
426 1524 942 1538 ........
1006 1486 1111 1544 οἷτὰρ
1142 1487 1328 1544 γλώσσης
1355 1487 1491 1532 οὐκέτ’
1508 1491 1589 1543 ἐγὼ
1605 1490 1767 1547 ταμίης.

279 1565 394 1612 1242
425 1570 495 1619 τῆς
528 1564 572 1607 δὲ
606 1561 917 1619 παρερχομένης
950 1560 1087 1603 οὐκέτ’
1123 1561 1194 1617 ἔσῃ
1227 1561 1389 1616 ταμίης.

310 1769 392 1817 5Ο7
427 1801 946 1814 ........
1009 1762 1181 1806 δέδοικα
1209 1762 1253 1806 δὲ
1285 1768 1338 1818 μή
1370 1782 1410 1807 τι
1441 1768 1622 1820 μάταιον

425 1841 530 1895 Γε’ρξω
558 1841 797 1897 θωρηχθεὶς
829 1840 899 1879 καὶ
931 1836 1023 1892 μέγ’
1054 1835 1215 1886 ὄνειδος
1248 1834 1340 1893 ἔχω.

311 1914 396 1961 546
427 1917 536 1970 ὄφρα
565 1916 618 1968 μὴ
649 1910 889 1967 ἀμπλακίης
923 1910 1094 1967 αἰσχρὸν
1128 1908 1289 1958 ὄνειδος
1318 1909 1417 1966 ἔχω.

282 1987 395 2034 1378
430 2020 728 2032 .....
792 1986 862 2025 καὶ
898 1981 970 2024 διὰ
995 1980 1106 2024 τοῦτ’
1135 1984 1305 2038 αἰσχρόν
1342 1981 1502 2032 ὄνειδος
1533 1982 1626 2040 ἔχω.

317 2206 402 2254 539
433 2198 563 2255 Οὗτος
594 2204 699 2259 οἰνήρ
718 2236 729 2256 ,
764 2202 856 2257 φίλε
888 2203 1052 2256 Κύρνε,
1086 2200 1218 2250 πέδας
1247 2199 1492 2258 χαλκεύεται
1523 2201 1662 2257 αὐτῷ,

488 2281 523 2321 εἷ
551 2280 605 2332 μὴ
638 2278 738 2330 ἐμὴν
772 2277 944 2329 γνώμην
977 2274 1215 2323 ἐξαπατῶσι
1247 2275 1356 2316 θεοί.

314 2351 400 2400 553
431 2351 489 2394 Οὐ
521 2348 678 2392 πολλὸν
707 2349 753 2391 τὸ
783 2350 949 2402 μεσηγύ·
983 2345 1257 2402 διαπρήξουσι
1290 2345 1520 2395 κέλευθον,

493 2426 528 2466 εἰ
557 2426 610 2478 μὴ
645 2423 746 2477 ἐμὴν
777 2423 948 2475 γνώμην
983 2419 1220 2468 ἐξαπατῶσι
1250 2420 1361 2462 θεοί.

320 2640 404 2687 725
438 2675 958 2685 ........
1021 2645 1074 2681 τά
1105 2640 1183 2693 γὰρ
1215 2639 1415 2691 περιώσια
1445 2637 1587 2677 πάντα

492 2714 662 2770 χρήματ’
702 2713 807 2770 ἔχων
840 2711 975 2762 οὐδεὶς
1004 2711 1169 2768 ἔρχεται
1201 2712 1258 2758 εἷς
1287 2708 1473 2757 Ἀΐδεω,

437 2785 524 2828 οὐδ’
556 2788 611 2828 ἂν
641 2788 805 2828 ἄποινα
831 2783 971 2834 διδούς
1003 2787 1198 2827 θάνατον
1230 2784 1354 2836 φύγοι
1384 2781 1479 2823 οὐδὲ
1506 2780 1676 2838 βαρείας

492 2860 665 2907 νούσους
697 2857 792 2900 οὐδὲ
825 2858 955 2900 κακὸν
987 2861 1115 2912 γῆρας
1143 2856 1430 2911 ἐπερχόμενον.

330 3026 356 3070 ¹)
391 3025 437 3060 Cf.
460 3026 593 3060 Meineke
615 3027 723 3067 fragm.
744 3025 832 3059 Com.
854 3026 907 3059 Gr.
931 3025 974 3058 ΙΙΙ
997 3035 1027 3068 p.
1043 3025 1118 3058 628.
