1898 3386
915 244 941 289 9

265 373 391 432 (233)
423 372 682 428 Ἀκρόπολις
713 375 782 414 καὶ
816 377 969 428 πύργος
1000 374 1079 417 ἐὼν
1113 377 1351 431 κενεόφρονι
1384 377 1526 434 δήμῳ,

456 445 616 499 Κιίρν’,
651 443 790 499 ὀλίγης
822 450 940 499 τιμῆς
975 445 1148 500 ἔμμορεν
1183 445 1332 496 ἐσθλὸς
1360 448 1478 502 οἷνήρ.

203 517 261 563 Cf.
306 532 365 562 vs.
406 515 648 562 319-323.
690 516 911 562 Exsistunt
941 516 1052 561 inter
1081 518 1214 562 malos
1246 519 1468 579 demagogi
1501 523 1575 581 qui
1606 537 1673 569 res

203 601 334 633 novas
364 588 594 633 moliantur
625 595 667 634 et
695 589 833 633 bonos
864 603 887 632 a
919 589 1216 647 gubernaculis
1248 591 1468 637 deiiciant:

261 659 387 718 (855)
416 658 606 702 Πολλάκι
638 660 688 713 δὴ
718 659 836 709 πόλις
867 660 938 714 ἣδε
970 659 1023 702 δι’
1055 665 1266 716 ἡγεμόνων
1298 666 1509 719 κακότητα

449 731 584 787 ὥσπερ
619 731 840 787 κεκλιμένη
871 738 973 781 ναῦς
1004 735 1118 788 παρὰ
1150 739 1228 788 γῆν
1262 734 1454 791 ἔδραμεν.

199 803 258 849 Cf.
290 818 350 848 vs.
382 802 565 849 39—42.
618 804 711 848 Non
743 805 794 849 de
824 804 985 863 patriae
1019 806 1282 860 commodis,
1317 808 1391 852 sed
1422 808 1473 853 de
1505 810 1593 855 suis
1610 811 1681 857 isti

199 875 399 934 cogitant.
446 876 508 920 Ex
553 876 879 935 intemperantia
920 876 1164 935 principum
1208 880 1354 938 populi
1399 880 1568 927 licentia
1608 884 1681 928 fiat

199 961 374 993 necesse
404 955 492 993 est:

257 1018 382 1078 (289)
412 1023 512 1063 Νῦν
539 1020 583 1062 δὲ
609 1023 661 1063 τὰ
686 1022 769 1063 τῶν
797 1021 977 1073 οέγαθῶν
997 1024 1108 1063 κακὰ
1125 1023 1315 1074 γίγνεται
1336 1023 1468 1066 ἐσθλὰ
1484 1030 1676 1070 κακοῖσιν

456 1092 636 1148 ἀνδρῶν·
664 1093 860 1148 ἡγέονται
891 1093 930 1136 δ’
958 1093 1247 1149 ἐκτραπέλοισι
1279 1098 1432 1151 νόμοις·

397 1165 526 1215 αἰδὼς
555 1167 630 1220 μὲν
658 1168 736 1221 γὰρ
764 1165 936 1209 ὄλωλεν·
966 1166 1161 1222 οἷναιδείη
1192 1166 1236 1209 δὲ
1263 1171 1334 1210 καὶ
1368 1169 1486 1226 ὕβρις

458 1242 660 1292 νικήσασα
689 1237 810 1293 δίκην
838 1242 915 1291 γῆν
942 1241 1048 1280 κατὰ
1080 1243 1221 1282 πᾶσαν
1248 1239 1346 1296 ἔχει.

193 1311 342 1371 Itaque
389 1310 654 1369 respublica,
705 1325 812 1369 quae
859 1310 893 1355 si
942 1310 1044 1356 boni
1090 1311 1377 1370 principatum
1422 1314 1670 1361 obtinerent

193 1384 306 1429 salva
337 1384 470 1436 foret,
503 1383 713 1427 malorum
743 1382 963 1427 dominatu
995 1389 1106 1427 stare
1139 1398 1227 1428 non
1257 1384 1431 1442 poterit:

279 1454 377 1514 (43)
412 1454 620 1510 Οὐδεμίαν
647 1472 734 1504 πω,
769 1455 930 1510 Κυ’ρν’,
963 1455 1121 1507 ἀγαθοὶ
1147 1453 1270 1498 πόλιν
1301 1454 1461 1499 ὤλεσαν
1490 1458 1654 1515 ἄνδρες·

452 1526 548 1569 ἀλλ’
581 1529 684 1570 ὅταν
714 1526 899 1584 ὑβρίζειν
932 1531 1038 1568 τοῖσι
1071 1531 1260 1570 κακοῖσιν
1293 1527 1397 1584 ἅδῃ,

394 1600 523 1655 δῆμόν
555 1617 598 1642 τε
630 1600 856 1655 φθείρωσι,
890 1598 1009 1649 δίκας
1041 1600 1078 1642 τ’
1114 1599 1295 1641 οἷδίκοισι
1328 1600 1499 1645 διδῶσιν

452 1673 614 1715 οἰκείων
643 1671 819 1728 κερδέων
851 1673 991 1715 εἵνεκα
1023 1675 1093 1714 καὶ
1124 1676 1292 1728 κράτεος
1311 1704 1323 1724 ,

393 1744 516 1787 ἔλπεο
541 1748 595 1798 μὴ
629 1744 753 1800 δηρὸν
780 1745 923 1799 κείνην
955 1744 1079 1788 πόλιν
1106 1746 1394 1801 οἷτρεμιεῖσθαι
1413 1778 1424 1797 ,

443 1816 541 1872 μηδ’
573 1819 608 1859 εἰ
638 1820 714 1860 νῦν
747 1821 881 1859 κεῖται
912 1816 1046 1873 πολλῇ
1079 1819 1124 1860 ἐν
1157 1819 1319 1874 ἡσυχίῃ.

188 1891 245 1937 Cf.
293 1905 352 1935 vs.
400 1889 641 1936 279—282.
700 1890 813 1934 Nihil
870 1889 1004 1948 magis
1056 1890 1318 1949 pertimescit
1365 1898 1490 1950 poeta
1540 1908 1669 1951 quam

189 1962 430 2009 licentiam:

247 2034 375 2094 (541)
407 2035 617 2089 Δειμαίνω
648 2037 702 2088 μὴ
731 2034 855 2088 τήνδε
885 2033 1035 2086 πόλιν,
1067 2033 1346 2090 Πολυπαΐδη,
1371 2037 1512 2093 ὕβρις,

447 2109 549 2162 ἢπερ
579 2108 845 2162 Κενταύρους
870 2107 1120 2161 ὠμοφάγους
1137 2138 1147 2157 ,
1177 2106 1298 2164 ὀλέσῃ
1317 2108 1365 2164 1).

186 2181 246 2227 cf.
292 2195 351 2226 vs.
404 2179 596 2234 603—4;
641 2178 835 2234 833—63
880 2179 1063 2224 151—2.
1097 2180 1201 2225 Nam
1232 2180 1401 2226 licentia
1435 2181 1570 2240 gignit
1605 2190 1670 2242 ty-

187 2252 432 2299 rannidem:

116 2322 119 2324 ’
275 2323 373 2384 (39)
406 2326 567 2380 Κύρνε,
603 2326 691 2368 κύει
722 2323 843 2374 πόλις
873 2324 972 2379 ἣδε,
1008 2323 1178 2367 δέδοικα
1211 2324 1255 2367 δὲ
1287 2328 1341 2380 μὴ
1373 2324 1470 2381 τέκῃ
1499 2327 1638 2384 ἄνδρα

446 2397 686 2455 εὐθυντῆρα
717 2402 845 2452 κακῆς
876 2399 1018 2455 ὕβριος
1048 2397 1254 2454 ἡμετέρης.

185 2471 242 2518 Cf.
290 2485 350 2517 vs.
394 2470 462 2516 52.
509 2471 655 2530 Neque
685 2486 835 2516 vanam
865 2470 996 2516 fuisse
1018 2469 1276 2529 Theognidis
1302 2470 1572 2516 formidinem
1599 2472 1668 2516 hi-

186 2543 316 2588 storia
357 2543 482 2589 docet
511 2543 563 2602 ²).
610 2543 859 2589 Aristoteles
887 2543 1001 2588 enim
1031 2542 1150 2587 Polit.
1184 2542 1238 2595 V,
1272 2541 1326 2596 4,
1361 2542 1388 2586 2
1418 2550 1570 2589 auctor
1601 2551 1667 2590 est

183 2615 451 2674 Theagenem
497 2615 696 2675 Megaris,
745 2615 1105 2675 quemadmodum
1150 2614 1416 2659 Pisistratum
1459 2615 1636 2662 Athenis
1653 2653 1663 2671 ‚

183 2687 282 2733 odio
321 2702 558 2747 pauperum
593 2688 638 2733 in
666 2689 900 2747 locupletes
930 2689 1085 2733 fretum
1118 2686 1385 2746 tyrannidem
1413 2701 1658 2747 occupasse.

235 2829 260 2871 ¹)
307 2829 405 2867 Mum,
437 2830 525 2868 Vah,
560 2831 630 2864 Ven.
668 2832 814 2872 ὄλεσεν,
847 2832 929 2875 quod
963 2832 1078 2874 recepit
1114 2831 1230 2871 Bergk;
1263 2832 1371 2874 reliqui
1404 2843 1509 2866 omnes
1549 2833 1665 2880 ὀλέσῃ.

178 2886 247 2919 Non
283 2892 387 2928 potest
427 2886 550 2921 ὄλεσεν
573 2889 715 2926 defendi,
749 2890 807 2922 nisi
836 2894 993 2922 statuatur
1016 2890 1198 2921 sententiam
1220 2899 1287 2922 esse
1314 2895 1484 2924 truncatam
1499 2916 1507 2928 ,
1532 2898 1566 2926 ut
1588 2896 1664 2928 sub-

179 2945 294 2977 iectum
319 2946 424 2988 ὕβρις
448 2951 548 2979 careat
572 2956 628 2979 suo
651 2947 741 2980 verbo
756 2971 765 2985 ‚
788 2949 868 2980 unde
891 2948 1020 2990 pendeat
1043 2948 1156 2991 τήνδε
1179 2949 1296 2981 πόλιν.

226 3001 254 3046 2)
289 3002 358 3037 vid.
381 3003 497 3037 Welck.
521 3013 551 3046 p.
575 3004 598 3039 X
632 3015 688 3048 sqq
712 3017 721 3045 3
747 3005 840 3038 Grote
862 3004 942 3038 Hist.
967 3005 1000 3036 os
1022 3004 1074 3036 Gr.
1094 3003 1136 3036 ΙΙΙ
1164 3013 1193 3045 p.
1225 3006 1265 3039 44
1294 3016 1361 3049 sqq.
