1878 3288
591 988 748 1034 Ἕτερος
769 991 803 1027 ἐξ
828 989 954 1033 ἑτέρου
981 989 1084 1028 σοφὸς
1104 989 1148 1022 τό
1173 1001 1213 1022 τε
1235 988 1347 1022 πάλαι
1369 987 1412 1021 τό
1436 999 1477 1022 τε
1499 988 1578 1021 νῦν.

593 1048 680 1081 οὐδὲ
706 1050 774 1093 γὰρ
801 1048 930 1093 ῥᾷστον
953 1047 1119 1091 ἀρρήτων
1142 1047 1254 1080 ἐπέων
1276 1045 1395 1084 πύλας

591 1107 762 1150 ἐξευρεῖν.
1247 1113 1464 1136 necamus&

156 1233 298 1286 Quum
317 1234 395 1279 alia
411 1235 543 1279 multa
565 1234 692 1280 Solon
710 1235 844 1280 fertur
865 1241 979 1280 recte
1002 1234 1171 1287 dixisse,
1185 1241 1278 1278 tum
1297 1232 1422 1278 illud:
1443 1229 1580 1273 πολλὰ

100 1306 332 1363 ψεύδονται
369 1306 521 1349 ἀοιδοί.
566 1308 659 1353 Non
696 1315 862 1352 tantum
904 1307 948 1351 in
993 1321 1066 1352 eos
1110 1313 1258 1366 poetas
1300 1306 1384 1350 hoc
1417 1303 1579 1349 dictum

95 1379 227 1439 valet,
262 1379 336 1438 qui
371 1379 481 1424 veris
512 1379 610 1424 fieta
640 1380 870 1425 miscentes
899 1393 969 1424 res
1001 1393 1176 1437 magnas
1213 1378 1258 1422 in
1289 1376 1427 1422 maius
1448 1376 1581 1422 extol-

96 1450 209 1505 lant,
257 1451 332 1496 sed
381 1451 509 1496 etiam
548 1451 593 1496 in
633 1466 706 1497 eos
747 1451 821 1510 qui
859 1458 1062 1510 tanquam
1095 1458 1211 1496 vates
1241 1451 1383 1494 futura
1413 1453 1578 1494 canant.

103 1522 318 1580 Theognis
338 1523 615 1582 Megarensis‚
635 1524 670 1568 si
687 1524 915 1582 quisquam
932 1523 1051 1576 alius,
1070 1524 1123 1568 ad
1141 1521 1435 1568 testimonium
1451 1519 1582 1564 huius

99 1595 162 1640 rei
189 1595 329 1640 vocari
356 1591 510 1654 potest.
543 1596 743 1655 Legimus
770 1595 883 1640 enim
906 1594 950 1639 in
981 1594 1264 1654 Theognideis
1290 1608 1349 1639 vs.
1378 1591 1434 1638 19
1465 1606 1579 1651 sqq.:

191 1742 197 1743 ’
254 1741 419 1795 Κύρνε,
452 1739 710 1795 σοφιζομένῳ
734 1741 811 1794 μὲν
839 1742 927 1795 ἐμοὶ
959 1742 1132 1795 σφρηγὶς
1162 1738 1389 1781 ἐπικείσθω

301 1810 431 1853 τοῖσδ’
462 1811 602 1854 ἔπεσιν
618 1846 628 1865 ,
654 1811 764 1866 λήσει
795 1811 834 1854 δ’
865 1814 1014 1854 οὔποτε
1045 1811 1315 1865 κλεπτόμενα.

246 1882 343 1925 οὐδέ
372 1901 435 1933 τις
465 1882 636 1934 ἀλλάξει
662 1888 810 1928 κάκιον
838 1883 1043 1927 τούσθλοῦ
1066 1887 1307 1940 παρεόντος·

303 1948 383 1999 ὧδε
415 1956 459 1999 δὲ
492 1961 574 2007 πᾶς
598 1974 662 2007 τις
693 1959 786 2013 ἐρεῖ·
821 1956 1045 2010 Θεύγ-νιδός
1071 1958 1183 2000 ἐστιν
1210 1956 1292 2010 ἔπη

242 2034 314 2071 τοῦ
343 2028 585 2085 Μεγαρέως·
616 2029 654 2086 ¹)

156 2172 243 2217 Iam
289 2186 388 2218 vero
429 2171 532 2231 quid
574 2186 625 2216 ex
654 2171 721 2217 his
746 2172 973 2230 praedictis
1004 2186 1091 2217 non
1117 2171 1286 2216 irritum
1315 2170 1429 2215 fuiti>
1460 2169 1581 2228 Sigil-

99 2245 213 2299 lum,
243 2245 359 2304 quod
386 2244 474 2289 suis
501 2243 694 2289 versibus
721 2251 846 2302 poeta
869 2258 914 2289 se
940 2244 1207 2303 impressisse
1222 2242 1456 2302 praedicat,
1478 2241 1581 2286 satis

101 2316 221 2362 brevi
251 2324 444 2376 tempore
477 2315 678 2361 detritum
711 2330 805 2361 esse
831 2316 1009 2361 videtur.
1060 2316 1169 2360 Tum
1199 2315 1454 2360 exstiterunt
1479 2313 1580 2373 qui,

143 2482 172 2527 ι)
208 2483 324 2525 Sequor
344 2489 375 2517 et
399 2484 450 2517 hic
472 2490 503 2517 et
527 2485 639 2527 ubique
663 2484 720 2517 Th.
745 2485 863 2525 Bergkii
886 2485 1053 2517 editionem
1076 2494 1152 2526 quae
1176 2485 1330 2517 invenitur
1352 2485 1382 2517 iu
1406 2484 1488 2516 Poet.
1511 2482 1584 2525 Lyr-

100 2542 153 2574 Gr.
174 2541 225 2574 ed.
251 2541 293 2573 111
317 2551 344 2573 a.
369 2541 475 2580 1866.
497 2542 544 2574 vel
568 2543 716 2575 minorem
739 2552 816 2584 quae
838 2547 885 2575 est
910 2543 940 2575 in
964 2542 1088 2575 Anthol.
1111 2542 1183 2583 Lyr.
1205 2542 1254 2574 ed.
1278 2541 1305 2573 ΙΙ
1327 2541 1464 2574 a.1868.
1487 2541 1585 2574 Minor

97 2599 184 2641 plane
219 2599 328 2631 iisdem
363 2600 445 2641 typis
477 2609 513 2631 ac
546 2601 643 2632 maior
677 2600 824 2642 impressa
846 2605 915 2636 est,
940 2599 1021 2642 quod
1045 2600 1127 2631 nulla
1150 2609 1182 2631 re
1204 2599 1300 2640 magis
1322 2599 1470 2641 probatur
1491 2609 1583 2642 quam

98 2665 134 2688 eo
157 2655 239 2697 quod
267 2658 298 2688 in
332 2661 461 2698 utraque
489 2657 623 2690 editione
644 2667 707 2690 vss.
729 2658 792 2695 95,
812 2657 878 2690 257
892 2681 901 2695 ‚
925 2657 1009 2691 13⁴0
1033 2667 1158 2699 prorsus
1179 2657 1283 2690 eadem
1307 2657 1415 2690 menda
1439 2662 1585 2700 typogra-

97 2713 207 2755 phica,
231 2713 323 2757 ἀτὴρ
346 2723 405 2756 pro·
425 2715 514 2758 ἀν’ὴρ
528 2739 537 2757 ,
561 2715 652 2748 ἀλλά
676 2725 732 2757 pro
755 2716 869 2753 ἀλλὰ,
892 2716 960 2757 ἐγῶ
991 2725 1045 2757 pro
1068 2715 1148 2758 ἐρῶ,
1166 2716 1372 2758 reperiuntur.
1395 2715 1584 2757 Quamquam

100 2771 220 2811 Bergkii
250 2772 419 2804 auctoritas
445 2773 577 2805 multum
601 2772 683 2815 apud
705 2782 753 2805 me
775 2765 873 2805 valere
895 2773 984 2805 debet
998 2798 1006 2810 ,
1035 2778 1070 2805 ut
1095 2772 1197 2812 valet,
1224 2778 1324 2805 tamen
1346 2778 1380 2805 ut
1403 2783 1439 2805 eo
1460 2778 1585 2805 auctore

98 2830 244 2872 γίνομαι
278 2829 440 2863 scriberem
464 2839 481 2862 a
505 2839 553 2862 me
576 2830 738 2872 impetrare
758 2840 817 2863 non
839 2831 937 2872 potui.
962 2830 1025 2863 Hoc
1048 2831 1190 2863 annotavi
1214 2840 1249 2863 ne
1272 2832 1342 2872 quis
1364 2840 1412 2864 me
1430 2830 1585 2871 negligen-

99 2887 159 2920 tiae
179 2891 349 2920 accusaret.

1436 2947 1459 2992 1
