1898 3386
962 237 1018 285 28

241 373 356 421 ‘1039
388 373 609 428 ”Αφρονες
637 374 860 425 ἄνθρωποι
888 372 957 411 καὶ
992 373 1156 422 νήπιοι,
1188 371 1340 419 οἵτινες
1371 367 1488 414 οἶνον

450 448 503 499 μὴ
535 443 699 486 πίνουσ’
731 445 887 497 ἄστρου
918 445 989 483 καὶ
1023 443 1144 490 κυνὸς
1173 441 1416 498 ἀρχομένου.

245 516 359 563 ’1069
389 515 610 570 ”Αφρονες
639 518 861 568 ἄνθρωποι
893 516 963 555 καὶ
992 518 1155 567 νήπιοι,
1191 515 1275 556 οἵτε
1306 517 1524 565 θανόντας

444 587 629 629 κλαίουσ’
650 620 661 640 ,
695 585 782 627 οὐδ’
816 587 918 642 ἥβης
944 589 1082 634 ἄνθος
1112 584 1414 641 ἀπολλύμενον.

243 818 354 863 ’1171
392 819 611 872 Γνώμην,
639 817 777 871 Κύρνε
795 849 806 868 ,
836 818 930 857 θεοὶ
954 820 1149 870 θνητοισι
1178 814 1364 858 διδοῦσιν
1393 821 1565 873 ἄριστον

441 890 703 943 ἀνθρώποις·
737 890 883 942 γνώμη
913 888 1092 942 πείρατα
1116 889 1275 936 παντὸς
1305 888 1401 944 ἔχει.

242 962 407 1021 Fragm.
440 961 523 1008 Sol.
556 960 612 1006 46

387 1035 672 1089 Γνωμοσϋνης
701 1032 737 1074 δ’
771 1033 931 1086 ἀφανὲς
963 1029 1263 1088 χαλεπώτατόν
1290 1034 1376 1076 ἐστι
1407 1038 1552 1088 νοῆσαι

444 1105 620 1162 μέτρον,
655 1106 676 1146 ὃ
708 1104 757 1158 δὴ
785 1108 956 1147 πάντων
982 1105 1162 1159 πείρατα
1185 1107 1340 1158 μοῦνον
1368 1105 1464 1163 ἔχει,

242 1310 332 1356 Hoc
370 1309 601 1355 summario
633 1309 892 1367 perlustrato
923 1309 1138 1355 neminem
1161 1311 1451 1356 iudicaturum
1466 1325 1560 1357 esse
1579 1325 1728 1370 spero,

243 1396 313 1428 me
359 1381 403 1426 in
450 1380 698 1439 colligendis
745 1380 850 1425 locis
895 1380 1101 1426 imitando
1143 1383 1356 1441 expressis
1387 1383 1530 1428 oleum
1557 1390 1601 1428 et
1630 1398 1731 1443 ope-

241 1468 333 1499 ram
365 1452 615 1512 perdidisse.
666 1452 789 1504 Quod
820 1453 873 1497 ad
902 1453 1082 1498 formam
1112 1454 1290 1509 attinet,
1323 1456 1464 1500 taedet
1494 1469 1563 1501 me
1589 1455 1732 1515 ipsum

245 1526 411 1572 ieiunae
442 1525 802 1579 enumerationis,
837 1526 912 1570 sed
941 1526 1082 1585 coegit

418 1597 679 1651 necessitas,
713 1597 836 1642 cuius
869 1612 1022 1644 cursus
1054 1599 1283 1644 transversi
1313 1599 1522 1658 impetum

474 1671 703 1715 voluerunt
734 1670 858 1714 multi
892 1670 1107 1729 effugere,
1143 1671 1268 1730 pauci
1298 1678 1545 1730 potuerunt.
1569 1672 1606 1731 1)

245 1744 499 1801 Nequedum
545 1750 724 1788 cunctos
772 1744 889 1788 locos
931 1743 1055 1797 dedi,
1104 1744 1178 1788 sed
1220 1744 1407 1801 reliquos
1455 1745 1508 1790 ad
1532 1743 1728 1804 parodias

238 1816 483 1862 referendos
514 1829 609 1860 esse
640 1829 805 1860 censeo.

938 1945 1025 1990 ΙΙΙ.

239 2092 396 2138 Contra
430 2104 559 2148 quam
588 2091 700 2136 inter
731 2090 927 2135 homines
959 2089 1052 2135 fieri
1085 2091 1214 2144 solet,
1250 2090 1362 2135 inter
1379 2090 1523 2135 locum
1539 2089 1729 2136 derisum

238 2171 281 2210 et
311 2164 576 2210 deridentem
611 2171 676 2209 est
708 2163 891 2208 maxima
924 2162 1183 2208 coniunctio.
1233 2163 1379 2220 Itaque
1412 2162 1493 2207 sibi
1523 2162 1727 2217 invicem,

240 2236 450 2294 quidquid
498 2236 597 2281 mali
645 2236 820 2290 accidit,
862 2249 940 2294 pro
972 2235 1134 2281 viribus
1165 2235 1422 2281 amicissime
1452 2235 1728 2294 opitulantur.

240 2309 328 2354 Iam
368 2309 565 2368 parodias
609 2309 941 2354 adumbraturus
973 2308 1115 2354 ordiar
1148 2308 1200 2353 ab
1232 2308 1284 2353 iis
1317 2308 1361 2352 in
1394 2307 1551 2364 quihus
1580 2314 1731 2353 mutua

237 2381 344 2426 fides
374 2381 650 2440 conspicitur.

243 2453 446 2507 Queritur
477 2453 691 2512 Theognis
725 2467 769 2499 se
801 2453 852 2498 ab
883 2453 1030 2498 amicis
1062 2452 1206 2511 prodi:

275 2525 402 2584 (575)
436 2527 490 2568 Οἳ
516 2543 564 2581 με
597 2525 710 2580 φίλοι
742 2525 1037 2581 προδιδοῦσιν,
1069 2527 1157 2568 ἐπεὶ
1187 2527 1261 2568 τὸν
1288 2525 1325 2577 y’
1355 2524 1507 2581 ἐχθρὸν
1534 2523 1710 2579 οἰλεῦμαι

491 2598 593 2640 ὥστε
624 2601 877 2654 κυβερνήτης
910 2597 1105 2654 χοιράδας
1136 2596 1336 2646 εἰναλίας.

241 2668 463 2715 Neminem
512 2670 619 2728 fugit
666 2671 746 2716 hos
778 2684 927 2715 versus
958 2684 1047 2715 non
1075 2676 1191 2715 recte
1224 2683 1317 2714 sese
1349 2669 1517 2713 hahere.
1549 2668 1728 2727 Bergkio

241 2742 485 2801 corruptela
530 2742 699 2788 videtur
743 2743 883 2788 inesse
926 2742 1066 2805 verbis
1098 2744 1186 2784 ἐπεὶ
1214 2744 1286 2784 τόν
1317 2741 1353 2793 γ’
1389 2747 1431 2786 et
1461 2741 1640 2785 fortasse
1670 2741 1729 2785 le-

241 2814 428 2873 gendum
465 2815 668 2859 ἐπίστιον.
717 2815 936 2873 Hartung‚
966 2815 1040 2871 qui
1072 2815 1116 2860 in
1147 2813 1394 2872 Theognide
1415 2813 1542 2872 paulo
1559 2813 1613 2858 ad
1629 2825 1732 2858 con-

282 3002 310 3045 1)
348 3002 466 3036 Laberii
495 3002 573 3036 Prol.
598 3012 642 3036 vs.
667 3003 695 3035 1.
