1898 3386
867 244 923 290 33

155 373 281 421 Visne
311 374 387 420 tibi
420 376 523 421 haec
548 388 624 433 per
654 374 881 419 circuitum
911 374 1136 432 eloquendi
1152 372 1393 433 explicem?
1425 370 1550 417 Poeta
1569 377 1634 415 est

155 460 269 494 unus
299 460 449 493 eorum
483 446 557 504 qui
587 446 738 491 Achilli
771 446 1044 492 consentiunt
1074 444 1358 492 asseveranti:

355 520 505 576 ἐχθρὸς
535 521 611 574 γάρ
642 535 712 573 μοι
743 523 878 569 κεῖνος
907 520 1014 574 ὁμῶς
1045 518 1208 561 Ἀΐδαο
1238 515 1417 574 πύλῃσιν

356 592 400 640 ὃς
434 589 473 647 χ’
502 590 644 646 ἕτερον
676 593 752 646 μὲν
785 593 916 646 κεύθῃ
951 592 1013 634 ἐνὶ
1046 591 1211 647 φρεσίν,
1245 587 1348 632 ἀλλὰ
1364 586 1409 630 δὲ
1425 586 1535 642 εἴπῃ.
1555 586 1592 644 ¹)

157 661 302 721 ltaque
360 662 496 708 amico
514 699 525 717 ‚
577 663 701 708 cuius
761 678 861 709 eum
924 663 1064 708 taedet
1110 662 1225 720 quod
1268 660 1494 720 ambiguus
1543 664 1635 711 est,

156 748 232 793 per
263 734 443 780 ironiam
480 735 585 781 haec
617 736 703 781 fere
734 735 863 781 dicit:
903 730 936 778 ὦ
967 740 1046 779 τᾶν
1077 735 1349 792 χωριζώμεθα
1366 766 1377 784 ,
1416 733 1492 775 ἵνα
1520 728 1637 785 φίλοι

157 808 275 857 ὄντες
321 806 590 862 διατελῶμεν·
639 809 720 864 ὅσῳ
766 810 844 864 γὰρ
893 810 948 851 ἂν
998 801 1125 861 ἦττον
1170 805 1365 861 ἀλλήλοις
1402 803 1636 859 ὁμιλῶμεν,

156 881 339 932 τοσούτῳ
373 882 627 935 μακρότερον
676 883 825 937 χρόνον
857 878 971 934 φίλοι
1003 882 1194 934 ἐσόμεθα.
1239 879 1424 937 Apparet
1454 882 1638 934 quatuor

157 964 306 996 versus
347 951 534 1011 disiungi
577 966 663 998 non
700 966 838 1011 posse.
893 952 956 996 Tu
986 966 1086 998 vero
1117 951 1320 997 membris
1351 947 1564 995 distractis
1595 947 1640 992 in

158 1029 283 1067 tuum
325 1037 454 1068 usum
506 1024 722 1070 conversis
753 1023 890 1069 fecisti
920 1031 969 1068 ut
1001 1023 1216 1083 ineptires.
1249 1022 1340 1068 Hoc
1370 1022 1518 1067 saltem
1551 1025 1640 1065 stu-

156 1093 312 1153 piditas
344 1102 419 1141 tua
452 1097 649 1155 prodest,
694 1097 808 1153 quod
840 1095 1026 1141 ostendit
1060 1102 1102 1141 te
1132 1095 1347 1153 aliquanto
1376 1099 1476 1152 post
1504 1091 1642 1137 Theo-

158 1165 331 1225 gnidem
377 1167 543 1214 vixisse.
591 1169 788 1214 Ceterum
824 1168 933 1213 hanc
976 1167 1053 1212 tihi
1087 1168 1255 1212 laudem
1287 1165 1527 1224 praeripere
1553 1176 1642 1209 non

157 1240 322 1298 possim
370 1247 413 1285 te
425 1265 439 1294 ‚-
482 1246 531 1284 ut
570 1240 749 1286 haberes
795 1253 880 1297 quo
925 1240 1139 1284 flammam
1182 1239 1439 1284 obscoenam
1477 1236 1640 1288 aleres,
1699 1272 1701 1275 .

158 1325 296 1357 unum
343 1318 386 1357 et
430 1312 611 1357 alterum
650 1319 819 1370 poetam
876 1311 1099 1370 diligenter
1141 1310 1307 1369 legisse.
1359 1309 1408 1354 In
1454 1313 1643 1353 mentem

159 1383 238 1429 tihi
285 1383 402 1429 venit
442 1383 551 1436 loci,
594 1383 669 1429 ubi
706 1382 834 1429 Solon
864 1384 1116 1443 opulentum
1145 1389 1311 1442 patrem
1340 1380 1517 1426 familias
1543 1379 1643 1425 bea-

160 1461 254 1500 tum
284 1455 525 1514 praedicat:

191 1526 348 1586 (1253)
380 1526 555 1584 ’Όλβιος
585 1521 619 1584 ᾦ
649 1526 797 1576 παῖδές
827 1543 871 1569 τε
903 1525 1017 1581 φίλοι
1048 1529 1120 1568 καὶ
1149 1528 1333 1583 μώνυχες
1361 1520 1486 1568 ἵπποι

422 1600 628 1655 θηρευταί
659 1616 702 1641 τε
735 1601 854 1648 κύνες
886 1601 957 1640 καὶ
987 1598 1104 1648 ξένοι
1134 1596 1368 1640 ἀλλοδαποὶ
1383 1598 1437 1657 ²).

161 1669 319 1716 Pueros
351 1670 555 1729 cogitanti
587 1670 729 1716 statim
759 1670 836 1715 tihi
868 1671 1050 1716 recurrit
1082 1676 1253 1724 natura,
1287 1683 1427 1729 neque
1451 1675 1494 1715 te
1510 1667 1646 1714 conti-

161 1754 237 1787 nes
271 1741 376 1801 quin
408 1741 599 1788 effutias:

198 1813 355 1873 (1255)
387 1813 533 1864 ‘'Oct-cg
562 1817 614 1868 μὴ
651 1814 805 1864 παῖδάς
835 1831 878 1857 τε
909 1813 1023 1869 φιλεῖ
1050 1818 1122 1857 καὶ
1150 1816 1348 1872 μώνυχας
1371 1815 1528 1862 ἵππους

419 1888 665 1940 καὶ,κυ’νας,
697 1886 848 1928 οὔποτέ
882 1887 921 1928 οἱ
951 1888 1083 1941 θυμὸς
1114 1887 1158 1929 ἐν
1190 1887 1451 1942 εὐφροσύνῃ.’

162 1956 291 2018 Paulo
343 1964 442 2016 post
493 1957 627 2003 rixam
677 1972 775 2004 cum
824 1972 959 2017 puero
1001 1958 1190 2018 singem,
1232 1958 1346 2004 illam
1376 1956 1643 2004 Homericam

155 2253 271 2291 liceret.
309 2254 403 2294 Bergk
439 2264 484 2287 vs.
523 2255 652 2287 597-8
686 2257 836 2297 separavit
859 2266 874 2287 a
911 2256 1087 2298 prioribus;
1122 2257 1220 2288 eidem
1261 2257 1322 2288 καὶ
1345 2255 1466 2288 videtur
1487 2255 1526 2287 ab
1548 2256 1646 2288 inter-

158 2311 294 2356 polatore
317 2313 487 2353 profectum
512 2317 544 2344 et
574 2313 701 2345 sortasse
729 2313 1030 2356 sci·ibendum·‹5u'm
1056 2314 1103 2356 δὴ
1117 2314 1212 2352 φίλοι
1233 2302 1324 2354 ὦμεν
1338 2337 1346 2350 ,
1361 2314 1381 2347 i.
1392 2324 1420 2347 e.
1434 2313 1503 2356 δήν
1518 2322 1646 2355 ,quem-

157 2368 322 2402 admodum
357 2369 435 2413 λίην
453 2374 484 2402 et
509 2370 573 2412 λήν
600 2370 659 2402 dici
693 2370 814 2403 solent:
838 2370 911 2402 olim
937 2371 1065 2403 coniecit
1078 2371 1123 2402 vel
1156 2371 1235 2403 δεῖν
1257 2371 1304 2413 δὴ
1331 2371 1367 2415 (i.
1389 2381 1417 2403 e.
1438 2372 1467 2403 si
1488 2380 1562 2412 opus
1582 2370 1642 2414 est)

159 2425 206 2458 vel
230 2426 290 2470 λῇς
314 2426 362 2470 δὴ
389 2427 449 2459 καὶ
476 2428 571 2466 φίλοι
595 2416 708 2468 ὦμεν,
744 2433 779 2460 ut
802 2429 953 2460 sententia
980 2438 1038 2460 non
1065 2428 1224 2460 dissimilis
1246 2429 1323 2460 soret
1345 2429 1505 2471 proverbio
1527 2427 1647 2461 τᾶλλα

162 2483 223 2521 καὶ
259 2483 459 2525 ‹patene-sa.
505 2485 715 2518 Schneidewin
738 2485 867 2518 coniecit
892 2485 960 2528 δὴν
987 2486 1035 2528 δὴ
1061 2486 1121 2517 καὶ
1147 2486 1240 2524 φησι
1262 2474 1353 2525 ὦμεν
1376 2484 1519 2528 ἄτερθ’·
1544 2484 1646 2528 aa)...

162 2539 299 2581 Hartung
332 2543 456 2584 scripsit
495 2543 689 2586 πόρρωθεν
721 2544 816 2583 φίλοι
853 2534 959 2583 ὦμεν.
984 2543 1109 2584 Bergkio
1132 2547 1166 2575 τ’
1189 2549 1259 2585 post
1279 2543 1371 2586 ἀτάρ
1395 2543 1517 2576 videtur
1539 2543 1645 2575 delen-

161 2597 235 2630 dum
249 2621 258 2635 ,
281 2598 398 2631 Ahrens
422 2600 550 2632 coniecit
573 2601 666 2643 ἀτὰρ
692 2601 727 2632 δ’
742 2601 762 2634 ἰ.
782 2611 808 2633 e.
833 2601 926 2644 ἀτὰρ
943 2600 989 2643 δή
1005 2624 1013 2638 ,
1027 2600 1177 2633 Hermann
1189 2600 1283 2644 ἀτὰρ
1295 2600 1483 2633 ταλαοῖσιν
1495 2599 1646 2642 ὁμιλεῖν.

176 2685 181 2688 .
205 2651 234 2696 ²)
269 2653 304 2688 11.
329 2655 390 2692 ΙΧ,
415 2656 491 2689 512.

206 2710 234 2754 ²)
270 2711 319 2747 Cf.
342 2714 449 2753 tragm.
474 2715 536 2748 Sol.
557 2715 622 2753 23.
645 2716 696 2748 uhi
720 2716 750 2748 in
775 2720 964 2758 pentametro
986 2724 1112 2758 parvum
1135 2715 1299 2748 discrimen
1320 2719 1389 2750 est:

362 2768 510 2812 Ὄλβιος
534 2762 559 2817 ᾧ
581 2773 713 2811 παῖδές
733 2785 776 2806 τε
803 2773 899 2813 φίλοι
926 2774 987 2806 καὶ
1009 2773 1171 2816 μώνυχες
1192 2770 1297 2806 ἵπποι

414 2830 475 2860 καὶ
501 2829 602 2868 κύνες
625 2831 801 2874 ἀγρευταὶ
828 2832 889 2864 καὶ
913 2831 1005 2869 ξένος
1027 2830 1245 2868 ἀλλοδαπός.

169 2884 214 2920 Ad
240 2883 320 2917 hunc
341 2885 440 2918 locum
466 2887 565 2927 Bergk
579 2887 744 2922 adscribit:
768 2888 863 2927 „olim
888 2890 1067 2931 suspicatus
1085 2897 1152 2921 sum
1183 2888 1305 2922 Solonis
1328 2889 1455 2921 fortasse
1475 2897 1541 2920 esse
1552 2887 1645 2920 etiam

165 2943 339 2985 proximum
368 2943 522 2976 distichon
545 2936 939 2987 ap.''rheogn.1255—o.
994 2969 1003 2979 .
1049 2969 1058 2978 .
1104 2969 1113 2978 .
1160 2962 1171 2980 ι
1212 2945 1294 2988 quod
1324 2945 1461 2986 flartung
1492 2945 1652 2988 probavit,

166 3000 220 3033 sed
245 3006 374 3042 possunt
399 3001 431 3032 hi
456 3011 561 3034 versus
582 3003 676 3036 etiam
698 3003 777 3035 alius
800 3008 906 3045 poetae
927 3005 1026 3036 esse.'·

1498 3058 1526 3104 3
