1898 3386
893 246 948 293 25

183 380 292 425 neke
338 377 613 424 coniecerunt
653 378 694 431 μ’
743 377 891 427 ὀκνεῖς.
941 378 1107 430 Quanto
1155 377 1389 436 simplicius
1439 387 1505 425 est
1550 381 1667 438 quod

183 450 432 496 iamdudum
462 449 563 496 Geel
595 449 808 494 restituit:
841 451 882 492 τί
910 449 1076 504 μένεις,·
1106 449 1366 504 προλιποῦσα
1403 452 1501 507 παρ’
1530 451 1664 496 ἄλλον

180 522 303 578 ἄνδρ’
346 521 475 572 ἴέναι,
526 528 576 565 ut
617 520 725 564 ἴέναι
766 521 977 580 significet
1020 522 1133 566 idem
1164 523 1279 580 quod
1308 523 1392 564 ἰ’θι.
1441 523 1578 570 Verba
1608 528 1662 579 μὴ

181 595 260 650 λὴν
304 594 441 653 Bergk
485 593 655 652 scripsit
697 607 721 638 e
756 594 1014 639 coniectura.
1063 594 1162 639 Mut.
1215 594 1386 640 exhibet
1415 595 1527 651 μήν’
1559 596 1664 651 δὴν,

180 667 271 714 Vat.
302 674 346 713 et
375 679 475 711 cum
506 679 556 710 eo
587 665 688 710 Ven.
723 666 764 708 τί
795 665 901 719 δῆμ’.
937 666 1072 711 Porro
1106 666 1294 725 optimus
1327 667 1460 713 codex
1490 669 1666 727 praebet

179 738 297 794 φιλεῖ
307 772 319 791 ,
361 737 515 794 reliqui
560 751 708 783 omnes
731 740 921 791 ζφιλεῒςς
969 737 1080 792 φίλει
1119 738 1302 783 coniecit
1335 739 1509 784 Bekker.
1562 740 1665 786 Loci

181 810 321 856 collati
366 810 659 855 demonstrant
702 810 931 868 legendum
976 825 1097 856 esse:
1141 828 1189 864 με
1234 812 1306 867 βίῃ
1350 810 1424 852 οὐκ
1456 810 1665 854 ἐθέλοντα

179 881 326 936 φιλεῖς.
374 880 442 926 Sic
487 881 629 926 omnia
673 888 788 926 recte
833 883 991 928 habent
1021 890 1063 927 et
1097 883 1280 928 maxime
1312 897 1411 929 cum
1442 884 1662 929 codicibus

180 953 453 1000 conveniunt.

205 1198 292 1245 355
325 1197 495 1253 Τὸλμα,
528 1199 689 1253 Κύρνε,
724 1201 916 1240 κακοῖσιν
949 1199 1037 1240 ἐπεὶ
1066 1197 1314 1240 κάσθλοῖσιν
1343 1198 1531 1255 ἔχαιρες,

178 1271 292 1318 '1029
323 1270 468 1326 Τόλμα
500 1272 609 1325 θυμὲ
642 1275 831 1313 κακοῖσιν
862 1272 967 1326 ὅμως
997 1269 1162 1325 ἄτλητα
1188 1274 1433 1320 πεπονθώς

381 1341 531 1386 δειλῶν
565 1358 628 1384 τοι
662 1342 811 1397 κραδίη
842 1344 1033 1395 γίγνεται
1063 1342 1251 1398 ὀξυτέρῃ.

207 1414 294 1462 365
322 1414 439 1472 ’Ἰσχε
471 1418 595 1466 νόον,
630 1414 792 1472 γλώσσῃ
825 1414 869 1456 δὲ
901 1417 947 1457 τὸ
977 1413 1165 1471 μείλιχον
1198 1417 1289 1461 αῖὲν
1321 1414 1500 1457 ἑπέσθω·

381 1487 531 1531 δειλῶν
562 1505 627 1530 τοι
659 1486 824 1530 τελέθει
858 1486 1007 1542 καρδίη
1037 1486 1226 1542 όξυτέρη.

176 1560 242 1606 En
271 1560 357 1606 duo
389 1573 538 1606 versus
585 1560 658 1617 qui
703 1560 862 1604 mirum
910 1559 954 1603 in
999 1559 1175 1604 modum
1221 1558 1375 1604 iisdem
1405 1559 1493 1604 fere
1525 1559 1666 1605 verbis

175 1646 353 1693 prorsus
400 1632 515 1677 aliud
563 1632 829 1691 significant:
862 1632 967 1676 alter
984 1668 994 1685 ‚
1028 1632 1209 1676 stultum
1239 1645 1333 1677 esse
1365 1631 1434 1676 cui
1466 1645 1587 1676 mens
1622 1632 1667 1677 in

176 1711 380 1764 promptu
425 1705 505 1759 sit,
552 1706 677 1758 alter,
716 1705 834 1764 parvi
865 1704 995 1749 animi
1031 1718 1125 1749 esse
1158 1704 1232 1761 qui
1263 1703 1384 1749 malis
1416 1711 1661 1750 exacuatur.

177 1778 256 1824 Hic
287 1785 426 1831 certe,
460 1778 496 1823 si
529 1791 713 1835 usquam
728 1814 738 1830 ‚
773 1776 962 1822 imitator
997 1776 1344 1835 deprehenditur.

206 2021 291 2068 358
323 2056 835 2068 ........
907 2023 1070 2063 θεοῖσιν
1104 2022 1390 2078 ἐπευχόμενος.

205 2093 290 2140 943
322 2129 330 2138 .
394 2128 403 2137 .
468 2130 476 2138 .
540 2130 549 2139 .
641 2093 876 2142 ἀθανάτοις
905 2097 1068 2136 θεοῖσιν
1101 2095 1390 2150 ἐπευχόμενος.

178 2165 292 2211 1116
323 2200 839 2211 ........
912 2169 1073 2208 θεοῖσιν
1106 2166 1392 2222 ἐπευξάμενος.

203 2408 290 2455 400
320 2444 618 2456 .....
681 2410 912 2453 ἀθανάτων
942 2414 1068 2465 μῆνιν
1101 2408 1371 2463 ἀλευάμενος.

206 2480 291 2526 750
324 2517 622 2527 .....
622 2535 625 2537 ¹
684 2482 915 2526 ἀθανάτων
945 2487 1071 2536 μῆνιν
1099 2481 1363 2537 ἀλευόμενος.

206 2723 292 2770 409
323 2723 488 2768 Οὐδένα
514 2730 728 2783 θησαυρὸν
765 2730 913 2770 παισὶν
945 2731 1166 2783 καταθήσῃ
1201 2726 1357 2780 ἀμείνω

379 2797 544 2851 αἶδοῦς,
577 2802 601 2854 ἣ
631 2801 667 2842 τ’
695 2801 876 2852 ἀγαθοῖς
906 2800 1106 2856 ἀνδράσι,
1136 2798 1296 2854 Kv'Qv',
1328 2797 1494 2840 ἕπεται.

207 2868 292 2915 635
323 2869 531 2927 Ἀνδράσι
555 2875 641 2921 τοῖς
672 2873 854 2926 ἀγαθοῖς
877 2872 1025 2916 ἕπεται
1057 2875 1201 2927 γνώμη
1231 2888 1278 2914 τε
1310 2874 1382 2913 καὶ
1411 2870 1556 2919 αἰδώς·
