1898 3386
867 260 924 306 49

159 388 243 434 nisi
292 389 408 447 quod
447 403 526 449 pro
572 389 816 448 ἀντιλάβοις
861 398 1082 450 exspectes
1128 393 1413 443 ἀντιπάθοις,
1453 391 1498 436 id
1529 389 1646 448 quod

159 460 294 520 Lorey
326 462 521 508 coniecit.
556 461 666 515 Quid
697 476 797 508 vero
831 462 1041 522 Significat
1072 466 1364 521 ἐπαυρίσκουσι
1395 460 1644 510 παθόντεςῗ

157 533 344 580 Verbum
393 535 658 590 ἐπαυρίσκειν
703 549 780 594 per
823 550 868 580 se
886 569 896 586 ‚
943 536 1067 582 cuius
1112 537 1302 582 medium
1343 550 1478 595 genus
1507 533 1645 580 multo

156 605 356 652 usitatius
388 614 479 661 est,
521 607 635 653 idem
682 607 892 666 significat
938 615 1068 666 atque
1111 608 1342 651 ἀπολαύειν
1362 641 1372 660 ,
1416 608 1613 665 fructum
1630 644 1642 662 ,

152 678 367 736 qaudium
403 692 558 738 capere
588 693 642 724 ea>
657 680 813 738 aliqua
846 693 906 725 re.
939 681 1082 726 Refert
1108 681 1216 727 scire
1232 680 1349 725 unde
1364 680 1529 726 fructus
1545 694 1641 739 per-

151 753 344 812 cipiatur.
391 752 438 797 Id
487 752 630 811 ipsum
667 752 768 798 latet
799 752 844 797 in
874 753 1098 812 participio
1129 756 1356 803 παθόντες.
1402 752 1506 799 Vide
1536 766 1641 798 num

147 825 288 871 lucem
319 823 466 871 afferat
496 825 616 870 locus
646 823 838 879 Solonis,
871 825 1019 884 fragm.
1051 825 1081 870 4
1112 841 1172 872 vs.
1211 826 1239 872 5
1271 839 1392 885 sqq.:

353 897 472 940 αὐτοὶ
505 897 548 939 δὲ
582 899 772 953 φθείρειν
804 896 989 953 μεγάλην
1025 897 1148 942 πόλιν
1183 898 1436 956 ἀφραδίῃσιν

407 970 525 1013 ἀστοὶ
557 969 783 1028 βούλονται
818 974 992 1028 χρήμασι
1024 974 1296 1026 πειθόμενοι,

347 1041 478 1098 δήμου
505 1043 551 1084 θ’
583 1045 794 1098 ἡγεμόνων
828 1042 975 1093 ἄδικος
1006 1047 1121 1093 νόος,
1157 1039 1266 1087 οἷσιν
1297 1045 1461 1098 ἑτοῖμον

407 1116 549 1172 ὕβριος
580 1117 625 1157 ἐκ
655 1114 835 1170 μεγάλης
865 1114 999 1168 ἄλγεα
1029 1114 1167 1158 πολλὰ
1197 1120 1371 1158 παθεῖν·

351 1188 398 1229 οὐ
430 1190 508 1243 γὰρ
540 1189 788 1231 ἐπίστανται
821 1188 1013 1245 κατέχειν
1047 1191 1169 1244 κόρον
1200 1187 1296 1230 οὐδὲ
1328 1189 1539 1242 παρούσας

410 1261 662 1315 εὐφροσύνας
695 1265 861 1316 κοσμεῖν
895 1261 1038 1310 δαιτὸς
1072 1262 1116 1305 ἐν
1148 1261 1308 1317 ἡσυχίῃ.

147 1330 368 1379 Praeterea
397 1333 622 1378 recordare
654 1333 910 1378 Homerum:

88 1403 96 1408 ’
353 1407 467 1448 σῖτον
500 1404 536 1447 δ’
571 1404 710 1459 αἲδοίη
743 1406 870 1460 ταμίη
902 1405 1116 1460 παρέθηκε
1151 1404 1332 1461 φέρουσα

353 1477 502 1520 εἴδατα
533 1476 652 1519 πόλλ’
687 1479 881 1520 ἐπιθεῖσα
897 1511 910 1531 ,
945 1477 1195 1535 χαριζομένη
1226 1478 1480 1533 παρεόντων.

149 1549 254 1595 Boni
287 1551 333 1593 τὸ
362 1550 556 1605 μέγιστον
591 1551 886 1606 ἐπαυρίσκουσι
918 1553 1152 1606 παρόντων.
1185 1549 1473 1608 Interpretor:
1510 1545 1640 1592 »Boni

148 1637 250 1669 vero
290 1630 383 1669 tum
428 1623 477 1667 in
516 1623 775 1681 praesentia
820 1622 1040 1669 beneficiis
1078 1622 1261 1670 maxime
1291 1622 1511 1675 fruuntur,
1542 1625 1637 1666 tum

142 1700 294 1754 postea
326 1695 510 1741 debitam
543 1695 721 1754 gratiam
751 1695 941 1741 referunt
960 1694 1039 1754 ¹).'’

145 1928 205 1960 VS.
240 1912 325 1959 299
357 1912 502 1963 Οὐδεὶς
530 1912 581 1969 λῇ
611 1911 730 1967 φίλος
765 1908 902 1962 εἶναι,
938 1913 1042 1965 ἐπὴν
1070 1913 1199 1955 κακὸν
1226 1911 1349 1967 ἀνδρὶ
1377 1910 1571 1966 γένηται,

363 2033 368 2036 ,
401 1985 491 2028 οὐδ’
522 1977 556 2042 ᾦ
586 1984 626 2026 κ’
659 1986 703 2026 ἐκ
733 1987 937 2039 γαστρός,
973 1986 1110 2039 Κιῖρνε
1129 2017 1142 2037 ,
1174 1990 1268 2039 μιῆς
1295 1987 1460 2040 γεγόνῃ.

144 2057 300 2104 Omnes
347 2058 516 2103 codices
558 2063 726 2116 praeter
771 2056 1054 2101 Mutinensem
1105 2057 1306 2101 exhibent
1340 2055 1427 2097 οὐδ’
1462 2054 1599 2096 ἐθέλει
1617 2071 1632 2107 ,·

143 2130 245 2175 Mut.
295 2129 429 2180 οὐδεὶς
473 2130 540 2183 δὴ.
587 2129 783 2174 Doricam
827 2129 1007 2174 formam
1039 2127 1090 2184 λῇ
1122 2129 1469 2187 excogitaverunt
1498 2126 1635 2186 Bergk

144 2210 187 2248 et
219 2201 398 2262 Sauppe.
446 2202 639 2247 Praefero
670 2201 868 2246 codicum
898 2200 1137 2246 lectionem.
1185 2200 1266 2247 Sed
1297 2201 1475 2246 verbum
1492 2199 1631 2242 ἐθέλει

157 2350 321 2356 -ν---υ-
326 2349 452 2356 .—----

198 2431 223 2474 Ι)
252 2432 347 2472 Bergk
369 2431 405 2464 ad
441 2432 521 2464 hunc
545 2432 643 2464 locum
679 2437 826 2464 annotat:
850 2428 1126 2475 “snavptouovm
1150 2432 1282 2464 insolens
1313 2432 1411 2463 activa
1434 2433 1553 2472 forma,
1577 2441 1631 2463 nec

146 2490 330 2526 sententiae,
353 2499 429 2532 quae
461 2491 649 2532 requiritur,
680 2490 821 2522 convenit
847 2490 992 2522 verbum:
1018 2500 1086 2522 nam
1110 2495 1163 2521 aut
1189 2490 1311 2522 dixerat
1334 2495 1442 2531 poeta:
1467 2490 1537 2521 boni
1550 2498 1627 2530 quo-

141 2547 188 2578 vis
221 2546 361 2587 beneficio
396 2549 530 2581 contenti
561 2551 635 2580 sunt
657 2547 853 2590 (ἄπληστον
879 2549 947 2591 γὰρ
971 2548 1092 2590 ἔχουσι
1118 2548 1220 2580 κακοὶ
1245 2547 1363 2590 νόον),
1389 2556 1479 2589 quam
1506 2551 1631 2579 senten-

143 2604 218 2636 tiam
249 2613 335 2643 aegre
369 2614 406 2637 ex
441 2606 595 2647 corruptis
631 2606 732 2638 verbis
756 2605 927 2647 restituas,
952 2610 1027 2638 aut:
1055 2607 1126 2638 boni
1149 2606 1194 2638 vel
1217 2606 1320 2642 mala,
1343 2615 1420 2646 quae
1439 2606 1515 2646 ipsis
1537 2604 1630 2635 illata

141 2665 235 2698 sunt,
273 2671 334 2693 non
366 2667 484 2695 curant.
522 2663 626 2705 {taque
665 2663 795 2695 coniicio
820 2665 862 2695 τὸ
886 2664 1052 2705 μέγιστον
1076 2664 1305 2706 ἐλαφρίζουσι
1328 2664 1538 2700 παθόντες,
1562 2670 1631 2693 nam

144 2719 349 2762 ε’λαφρίζειν
373 2720 495 2752 videtur
509 2721 588 2753 idem
611 2731 677 2753 esse
692 2745 699 2757 ,
722 2720 803 2763 quod
829 2721 864 2752 ἐν
889 2721 1028 2765 ἐλαφρῷ
1053 2723 1260 2758 ποιεῖσθαι,
1282 2722 1373 2762 parvi
1397 2721 1524 2758 ducere,
1549 2718 1632 2751 haud

138 2780 264 2819 yravate
285 2778 387 2817 serre,
411 2778 455 2810 uti
479 2784 527 2810 est
551 2779 632 2820 apud
658 2778 804 2811 Herodot.
826 2778 860 2815 1,
886 2778 968 2811 118:
996 2779 1056 2810 καὶ
1082 2780 1244 2822 θυγατρὶ
1268 2783 1316 2822 τῇ
1338 2779 1405 2822 ἐμῇ
1425 2778 1629 2822 διαβεβλη-

143 2835 246 2876 μένος
282 2834 346 2867 οὐκ
382 2835 416 2875 ἐγ
447 2836 586 2880 ἐλαφρῷ
625 2836 839 2878 ἐποιεύμην,
861 2836 938 2868 adde
964 2836 1004 2868 lli
1032 2836 1103 2868 154.
1128 2836 1302 2880 Eodemque
1334 2836 1424 2869 modo
1447 2837 1634 2878 interpretor

139 2891 215 2925 illud
240 2892 468 2924 Archilochium
489 2893 570 2935 apud
595 2893 706 2926 Euseb.
734 2894 836 2935 Praep.
860 2894 914 2926 Ev.
939 2894 989 2926 XV
1016 2893 1057 2926 4:
1080 2895 1114 2926 ἐν
1135 2894 1185 2939 τῷ
1211 2895 1378 2937 κάθημαι
1398 2897 1462 2937 σὴν
1486 2893 1632 2937 ἐλαφρί-

141 2952 211 2993 ζων
234 2950 366 2992 μάχην.
394 2950 511 2983 Ahrens
535 2949 790 2994 ἀμαυρίσκουσι
802 2952 930 2984 coniecit
943 2975 951 2988 ‚
965 2951 1128 2993 Emperius
1144 2950 1393 2995 ἐιιαμπίσχωσι.
1409 2976 1418 2989 ,
1430 2952 1569 2993 Hartung
1581 2953 1627 2985 τὰ

141 3009 279 3049 μέγιστ’
305 2998 344 3041 εἷ)
368 3011 480 3051 παῦρ’
503 3008 680 3042 huonon?

1490 3067 1520 3111 4
