<?xml version="1.0" encoding="UTF-8"?>
<!DOCTYPE html PUBLIC "-//W3C//DTD XHTML 1.0 Transitional//EN"
    "http://www.w3.org/TR/xhtml1/DTD/xhtml1-transitional.dtd">
<html xmlns="http://www.w3.org/1999/xhtml" xml:lang="en" lang="en">
 <head>
  <title>
</title>
<meta http-equiv="Content-Type" content="text/html;charset=utf-8" />
  <meta name='ocr-system' content='tesseract 3.04.00' />
  <meta name='ocr-capabilities' content='ocr_page ocr_carea ocr_par ocr_line ocrx_word'/>
</head>
<body>
  <div class='ocr_page' id='page_1' title='image "./studiatheognidea00meyhuoft_0025.png"; bbox 0 0 1898 3386; ppageno 0'>
   <div class='ocr_carea' id='block_1_1' title="bbox 904 219 959 264">
    <p class='ocr_par' dir='ltr' id='par_1_1' title="bbox 904 219 959 264">
     <span class='ocr_line' id='line_1_1' title="bbox 904 219 959 264; baseline 0.018 -1"><span class='ocrx_word' id='word_1_1' title='bbox 904 219 959 264; x_wconf 75' lang='lat'>15</span> 
     </span>
    </p>
   </div>
   <div class='ocr_carea' id='block_1_2' title="bbox 191 348 1689 2790">
    <p class='ocr_par' dir='ltr' id='par_1_2' title="bbox 191 348 1689 2790">
     <span class='ocr_line' id='line_1_2' title="bbox 455 348 1373 406; baseline -0.003 -13"><span class='ocrx_word' id='word_1_2' title='bbox 455 350 565 400; x_wconf 78' lang='grc' dir='ltr'><strong><em>ὀξέϊ,</em></strong></span> <span class='ocrx_word' id='word_1_3' title='bbox 599 353 670 392; x_wconf 86' lang='grc' dir='ltr'>καὶ</span> <span class='ocrx_word' id='word_1_4' title='bbox 704 349 879 406; x_wconf 76' lang='grc' dir='ltr'><em>ζεύγλην</em></span> <span class='ocrx_word' id='word_1_5' title='bbox 905 348 1111 404; x_wconf 75' lang='grc' dir='ltr'><em>δύσλοφον</em></span> <span class='ocrx_word' id='word_1_6' title='bbox 1136 348 1373 404; x_wconf 75' lang='grc' dir='ltr'><em>οἷμφιτίθει·</em></span> 
     </span>
     <span class='ocr_line' id='line_1_3' title="bbox 398 412 1465 477; baseline -0.002 -13"><span class='ocrx_word' id='word_1_7' title='bbox 398 422 445 464; x_wconf 78' lang='grc' dir='ltr'>οὐ</span> <span class='ocrx_word' id='word_1_8' title='bbox 474 425 550 477; x_wconf 76' lang='grc' dir='ltr'>γὰρ</span> <span class='ocrx_word' id='word_1_9' title='bbox 577 422 643 464; x_wconf 76' lang='grc' dir='ltr'>ἔθ’</span> <span class='ocrx_word' id='word_1_10' title='bbox 680 422 856 476; x_wconf 72' lang='grc' dir='ltr'><em>εὑρήσεις</em></span> <span class='ocrx_word' id='word_1_11' title='bbox 890 421 1018 476; x_wconf 85' lang='grc' dir='ltr'><em>δῆμον</em></span> <span class='ocrx_word' id='word_1_12' title='bbox 1051 420 1351 475; x_wconf 81' lang='grc' dir='ltr'><em>φιλοδέσποτον</em></span> <span class='ocrx_word' id='word_1_13' title='bbox 1385 412 1465 463; x_wconf 77' lang='grc' dir='ltr'>ὧδε</span> 
     </span>
     <span class='ocr_line' id='line_1_4' title="bbox 454 493 1287 551; baseline -0.004 -14"><span class='ocrx_word' id='word_1_14' title='bbox 454 495 720 551; x_wconf 70' lang='grc' dir='ltr'><em>ἀνθρώπων,</em></span> <span class='ocrx_word' id='word_1_15' title='bbox 750 497 924 544; x_wconf 81' lang='grc' dir='ltr'><em>ὁπόσους</em></span> <span class='ocrx_word' id='word_1_16' title='bbox 946 493 1083 547; x_wconf 80' lang='grc' dir='ltr'><em>ἠέλιος</em></span> <span class='ocrx_word' id='word_1_17' title='bbox 1110 498 1287 549; x_wconf 77' lang='grc' dir='ltr'><em>καθορᾷ.</em></span> 
     </span>
     <span class='ocr_line' id='line_1_5' title="bbox 195 565 1668 625; baseline -0.001 -13"><span class='ocrx_word' id='word_1_18' title='bbox 195 567 289 612; x_wconf 94' lang='lat' dir='ltr'>Non</span> <span class='ocrx_word' id='word_1_19' title='bbox 334 568 436 620; x_wconf 89' lang='lat' dir='ltr'>latet</span> <span class='ocrx_word' id='word_1_20' title='bbox 480 582 550 613; x_wconf 91' lang='lat' dir='ltr'>me</span> <span class='ocrx_word' id='word_1_21' title='bbox 595 567 725 612; x_wconf 89' lang='lat' dir='ltr'>fuisse</span> <span class='ocrx_word' id='word_1_22' title='bbox 766 567 840 624; x_wconf 93' lang='lat' dir='ltr'>qui</span> <span class='ocrx_word' id='word_1_23' title='bbox 887 567 1000 611; x_wconf 90' lang='lat' dir='ltr'>illam</span> <span class='ocrx_word' id='word_1_24' title='bbox 1035 566 1165 611; x_wconf 88' lang='lat' dir='ltr'>studii</span> <span class='ocrx_word' id='word_1_25' title='bbox 1195 573 1443 611; x_wconf 90' lang='lat' dir='ltr'>neutrarum</span> <span class='ocrx_word' id='word_1_26' title='bbox 1479 565 1668 625; x_wconf 89' lang='lat' dir='ltr'>partium</span> 
     </span>
     <span class='ocr_line' id='line_1_6' title="bbox 195 638 1674 697; baseline -0.001 -13"><span class='ocrx_word' id='word_1_27' title='bbox 195 646 238 684; x_wconf 92' lang='lat' dir='ltr'>et</span> <span class='ocrx_word' id='word_1_28' title='bbox 265 639 569 685; x_wconf 82' lang='lat' dir='ltr'>mediocritatis</span> <span class='ocrx_word' id='word_1_29' title='bbox 598 639 1011 684; x_wconf 82' lang='lat' dir='ltr'>commendationem</span> <span class='ocrx_word' id='word_1_30' title='bbox 1045 639 1165 684; x_wconf 88' lang='lat' dir='ltr'>aliter</span> <span class='ocrx_word' id='word_1_31' title='bbox 1195 638 1436 697; x_wconf 77' lang='lat' dir='ltr'>explicaret.</span> <span class='ocrx_word' id='word_1_32' title='bbox 1484 638 1674 697; x_wconf 87' lang='lat' dir='ltr'>Alphon-</span> 
     </span>
     <span class='ocr_line' id='line_1_7' title="bbox 197 709 1673 769; baseline -0.003 -12"><span class='ocrx_word' id='word_1_33' title='bbox 197 726 270 757; x_wconf 88' lang='lat' dir='ltr'>sus</span> <span class='ocrx_word' id='word_1_34' title='bbox 302 711 466 756; x_wconf 88' lang='lat' dir='ltr'>Hecker</span> <span class='ocrx_word' id='word_1_35' title='bbox 494 711 608 756; x_wconf 90' lang='lat' dir='ltr'>enim</span> <span class='ocrx_word' id='word_1_36' title='bbox 642 711 686 755; x_wconf 92' lang='lat' dir='ltr'>in</span> <span class='ocrx_word' id='word_1_37' title='bbox 716 711 894 769; x_wconf 88' lang='lat' dir='ltr'>epistola</span> <span class='ocrx_word' id='word_1_38' title='bbox 926 710 1072 755; x_wconf 88' lang='lat' dir='ltr'>critica</span> <span class='ocrx_word' id='word_1_39' title='bbox 1091 711 1128 769; x_wconf 91' lang='lat'>¹)</span> <span class='ocrx_word' id='word_1_40' title='bbox 1158 710 1346 769; x_wconf 86' lang='lat' dir='ltr'>disputat</span> <span class='ocrx_word' id='word_1_41' title='bbox 1383 709 1673 768; x_wconf 87' lang='lat' dir='ltr'>Theognidem</span> 
     </span>
     <span class='ocr_line' id='line_1_8' title="bbox 198 782 1673 842; baseline -0.001 -14"><span class='ocrx_word' id='word_1_42' title='bbox 198 798 414 829; x_wconf 90' lang='lat' dir='ltr'>summum</span> <span class='ocrx_word' id='word_1_43' title='bbox 472 783 769 842; x_wconf 85' lang='lat' dir='ltr'>magistratum</span> <span class='ocrx_word' id='word_1_44' title='bbox 833 782 1014 828; x_wconf 91' lang='lat' dir='ltr'>civitatis</span> <span class='ocrx_word' id='word_1_45' title='bbox 1068 782 1303 828; x_wconf 83' lang='lat' dir='ltr'>obtinuisse</span> <span class='ocrx_word' id='word_1_46' title='bbox 1350 795 1435 839; x_wconf 93' lang='lat' dir='ltr'>quo</span> <span class='ocrx_word' id='word_1_47' title='bbox 1482 788 1673 841; x_wconf 87' lang='lat' dir='ltr'>tempore</span> 
     </span>
     <span class='ocr_line' id='line_1_9' title="bbox 194 854 1673 913; baseline 0 -13"><span class='ocrx_word' id='word_1_48' title='bbox 194 857 344 902; x_wconf 83' lang='lat' dir='ltr'>Persae</span> <span class='ocrx_word' id='word_1_49' title='bbox 392 856 436 900; x_wconf 91' lang='lat' dir='ltr'>in</span> <span class='ocrx_word' id='word_1_50' title='bbox 483 855 656 901; x_wconf 82' lang='lat' dir='ltr'>Graecia</span> <span class='ocrx_word' id='word_1_51' title='bbox 687 854 1020 901; x_wconf 84' lang='lat' dir='ltr'>dominarentur.</span> <span class='ocrx_word' id='word_1_52' title='bbox 1071 855 1320 913; x_wconf 87' lang='lat' dir='ltr'>Popularem</span> <span class='ocrx_word' id='word_1_53' title='bbox 1351 861 1498 899; x_wconf 86' lang='lat' dir='ltr'>autem</span> <span class='ocrx_word' id='word_1_54' title='bbox 1527 854 1673 900; x_wconf 87' lang='lat' dir='ltr'>factio-</span> 
     </span>
     <span class='ocr_line' id='line_1_10' title="bbox 194 926 1673 985; baseline -0.001 -12"><span class='ocrx_word' id='word_1_55' title='bbox 194 943 292 973; x_wconf 89' lang='lat' dir='ltr'>nem</span> <span class='ocrx_word' id='word_1_56' title='bbox 322 928 464 973; x_wconf 91' lang='lat' dir='ltr'>studio</span> <span class='ocrx_word' id='word_1_57' title='bbox 496 927 736 973; x_wconf 89' lang='lat' dir='ltr'>communis</span> <span class='ocrx_word' id='word_1_58' title='bbox 769 926 1028 972; x_wconf 88' lang='lat' dir='ltr'>Graecorum</span> <span class='ocrx_word' id='word_1_59' title='bbox 1060 927 1207 972; x_wconf 89' lang='lat' dir='ltr'>salutis</span> <span class='ocrx_word' id='word_1_60' title='bbox 1242 927 1419 980; x_wconf 87' lang='lat' dir='ltr'>arsisse,</span> <span class='ocrx_word' id='word_1_61' title='bbox 1447 926 1673 985; x_wconf 82' lang='lat' dir='ltr'>optimates</span> 
     </span>
     <span class='ocr_line' id='line_1_11' title="bbox 192 999 1674 1057; baseline -0.001 -12"><span class='ocrx_word' id='word_1_62' title='bbox 192 1000 341 1045; x_wconf 87' lang='lat' dir='ltr'>fecisse</span> <span class='ocrx_word' id='word_1_63' title='bbox 388 1015 487 1045; x_wconf 89' lang='lat' dir='ltr'>cum</span> <span class='ocrx_word' id='word_1_64' title='bbox 517 1000 667 1045; x_wconf 87' lang='lat' dir='ltr'>Persis.</span> <span class='ocrx_word' id='word_1_65' title='bbox 715 999 1005 1057; x_wconf 84' lang='lat' dir='ltr'>Theognidem</span> <span class='ocrx_word' id='word_1_66' title='bbox 1038 1013 1138 1044; x_wconf 88' lang='lat' dir='ltr'>vero</span> <span class='ocrx_word' id='word_1_67' title='bbox 1169 999 1310 1044; x_wconf 89' lang='lat' dir='ltr'>neutri</span> <span class='ocrx_word' id='word_1_68' title='bbox 1346 999 1579 1044; x_wconf 88' lang='lat' dir='ltr'>sententiae</span> <span class='ocrx_word' id='word_1_69' title='bbox 1615 999 1674 1044; x_wconf 91' lang='lat' dir='ltr'>fa-</span> 
     </span>
     <span class='ocr_line' id='line_1_12' title="bbox 191 1070 1674 1131; baseline -0.002 -13"><span class='ocrx_word' id='word_1_70' title='bbox 191 1079 386 1125; x_wconf 87' lang='lat' dir='ltr'>ventem,</span> <span class='ocrx_word' id='word_1_71' title='bbox 433 1071 706 1131; x_wconf 90' lang='lat' dir='ltr'>potissimum</span> <span class='ocrx_word' id='word_1_72' title='bbox 751 1071 861 1115; x_wconf 90' lang='lat' dir='ltr'>bello</span> <span class='ocrx_word' id='word_1_73' title='bbox 911 1070 1212 1115; x_wconf 90' lang='lat' dir='ltr'>abstinendum</span> <span class='ocrx_word' id='word_1_74' title='bbox 1247 1071 1321 1116; x_wconf 90' lang='lat' dir='ltr'>sed</span> <span class='ocrx_word' id='word_1_75' title='bbox 1354 1071 1502 1130; x_wconf 92' lang='lat' dir='ltr'>populi</span> <span class='ocrx_word' id='word_1_76' title='bbox 1533 1071 1674 1116; x_wconf 88' lang='lat' dir='ltr'>ardori</span> 
     </span>
     <span class='ocr_line' id='line_1_13' title="bbox 193 1143 1676 1202; baseline -0.001 -13"><span class='ocrx_word' id='word_1_77' title='bbox 193 1144 352 1202; x_wconf 89' lang='lat' dir='ltr'>aliquid</span> <span class='ocrx_word' id='word_1_78' title='bbox 382 1144 570 1189; x_wconf 89' lang='lat' dir='ltr'>dandum</span> <span class='ocrx_word' id='word_1_79' title='bbox 601 1157 695 1188; x_wconf 89' lang='lat' dir='ltr'>esse</span> <span class='ocrx_word' id='word_1_80' title='bbox 724 1150 890 1196; x_wconf 90' lang='lat' dir='ltr'>ratum,</span> <span class='ocrx_word' id='word_1_81' title='bbox 935 1157 1023 1187; x_wconf 91' lang='lat' dir='ltr'>non</span> <span class='ocrx_word' id='word_1_82' title='bbox 1054 1143 1271 1188; x_wconf 88' lang='lat' dir='ltr'>obstitisse</span> <span class='ocrx_word' id='word_1_83' title='bbox 1301 1143 1531 1200; x_wconf 89' lang='lat' dir='ltr'>quominus</span> <span class='ocrx_word' id='word_1_84' title='bbox 1564 1150 1676 1188; x_wconf 87' lang='lat' dir='ltr'>cete-</span> 
     </span>
     <span class='ocr_line' id='line_1_14' title="bbox 193 1215 1674 1275; baseline -0.001 -14"><span class='ocrx_word' id='word_1_85' title='bbox 193 1217 252 1262; x_wconf 88' lang='lat' dir='ltr'>ris</span> <span class='ocrx_word' id='word_1_86' title='bbox 283 1216 454 1263; x_wconf 89' lang='lat' dir='ltr'>Graecis</span> <span class='ocrx_word' id='word_1_87' title='bbox 486 1216 650 1275; x_wconf 88' lang='lat' dir='ltr'>pedites</span> <span class='ocrx_word' id='word_1_88' title='bbox 681 1215 837 1260; x_wconf 82' lang='lat' dir='ltr'>auxilio</span> <span class='ocrx_word' id='word_1_89' title='bbox 868 1215 1165 1270; x_wconf 85' lang='lat' dir='ltr'>mitterentur,</span> <span class='ocrx_word' id='word_1_90' title='bbox 1198 1216 1272 1260; x_wconf 91' lang='lat' dir='ltr'>sed</span> <span class='ocrx_word' id='word_1_91' title='bbox 1298 1216 1415 1261; x_wconf 89' lang='lat' dir='ltr'>omni</span> <span class='ocrx_word' id='word_1_92' title='bbox 1432 1230 1560 1275; x_wconf 89' lang='lat' dir='ltr'>opera</span> <span class='ocrx_word' id='word_1_93' title='bbox 1576 1229 1674 1274; x_wconf 92' lang='lat' dir='ltr'>pro-</span> 
     </span>
     <span class='ocr_line' id='line_1_15' title="bbox 194 1287 1674 1346; baseline -0.001 -12"><span class='ocrx_word' id='word_1_94' title='bbox 194 1289 386 1334; x_wconf 88' lang='lat' dir='ltr'>hibuisse</span> <span class='ocrx_word' id='word_1_95' title='bbox 418 1288 647 1346; x_wconf 88' lang='lat' dir='ltr'>quominus</span> <span class='ocrx_word' id='word_1_96' title='bbox 680 1287 827 1333; x_wconf 90' lang='lat' dir='ltr'>classis</span> <span class='ocrx_word' id='word_1_97' title='bbox 859 1294 1085 1332; x_wconf 87' lang='lat' dir='ltr'>ornaretur</span> <span class='ocrx_word' id='word_1_98' title='bbox 1115 1294 1157 1332; x_wconf 89' lang='lat' dir='ltr'>et</span> <span class='ocrx_word' id='word_1_99' title='bbox 1187 1287 1294 1332; x_wconf 86' lang='lat' dir='ltr'>mari</span> <span class='ocrx_word' id='word_1_100' title='bbox 1325 1301 1496 1345; x_wconf 92' lang='lat' dir='ltr'>quoque</span> <span class='ocrx_word' id='word_1_101' title='bbox 1525 1289 1674 1334; x_wconf 87' lang='lat' dir='ltr'>Persas</span> 
     </span>
     <span class='ocr_line' id='line_1_16' title="bbox 195 1359 1675 1418; baseline 0 -12"><span class='ocrx_word' id='word_1_102' title='bbox 195 1361 353 1406; x_wconf 89' lang='lat' dir='ltr'>finibus</span> <span class='ocrx_word' id='word_1_103' title='bbox 383 1367 576 1406; x_wconf 83' lang='lat' dir='ltr'>arcerent</span> <span class='ocrx_word' id='word_1_104' title='bbox 619 1361 898 1418; x_wconf 81' lang='lat' dir='ltr'>Megarenses.</span> <span class='ocrx_word' id='word_1_105' title='bbox 948 1360 1093 1417; x_wconf 89' lang='lat' dir='ltr'>Itaque</span> <span class='ocrx_word' id='word_1_106' title='bbox 1139 1359 1452 1418; x_wconf 83' lang='lat' dir='ltr'>Theognidem,</span> <span class='ocrx_word' id='word_1_107' title='bbox 1486 1375 1675 1406; x_wconf 91' lang='lat' dir='ltr'>summo-</span> 
     </span>
     <span class='ocr_line' id='line_1_17' title="bbox 196 1431 1675 1492; baseline -0.001 -14"><span class='ocrx_word' id='word_1_108' title='bbox 196 1448 292 1478; x_wconf 91' lang='lat' dir='ltr'>rum</span> <span class='ocrx_word' id='word_1_109' title='bbox 336 1433 581 1478; x_wconf 90' lang='lat' dir='ltr'>infimorum</span> <span class='ocrx_word' id='word_1_110' title='bbox 628 1432 787 1491; x_wconf 92' lang='lat' dir='ltr'>pariter</span> <span class='ocrx_word' id='word_1_111' title='bbox 829 1431 927 1477; x_wconf 93' lang='lat' dir='ltr'>odio</span> <span class='ocrx_word' id='word_1_112' title='bbox 973 1431 1017 1475; x_wconf 92' lang='lat' dir='ltr'>in</span> <span class='ocrx_word' id='word_1_113' title='bbox 1067 1446 1112 1476; x_wconf 91' lang='lat' dir='ltr'>se</span> <span class='ocrx_word' id='word_1_114' title='bbox 1143 1438 1389 1486; x_wconf 87' lang='lat' dir='ltr'>contracto,</span> <span class='ocrx_word' id='word_1_115' title='bbox 1424 1433 1675 1492; x_wconf 86' lang='lat' dir='ltr'>magistratu</span> 
     </span>
     <span class='ocr_line' id='line_1_18' title="bbox 197 1503 1676 1562; baseline -0.001 -12"><span class='ocrx_word' id='word_1_116' title='bbox 197 1519 290 1551; x_wconf 89' lang='lat' dir='ltr'>sese</span> <span class='ocrx_word' id='word_1_117' title='bbox 307 1505 501 1550; x_wconf 88' lang='lat' dir='ltr'>abdicare</span> <span class='ocrx_word' id='word_1_118' title='bbox 534 1511 729 1550; x_wconf 88' lang='lat' dir='ltr'>coactum</span> <span class='ocrx_word' id='word_1_119' title='bbox 759 1518 865 1549; x_wconf 87' lang='lat' dir='ltr'>esse.</span> <span class='ocrx_word' id='word_1_120' title='bbox 901 1503 1013 1548; x_wconf 91' lang='lat' dir='ltr'>Haec</span> <span class='ocrx_word' id='word_1_121' title='bbox 1043 1503 1140 1558; x_wconf 93' lang='lat' dir='ltr'>ille;</span> <span class='ocrx_word' id='word_1_122' title='bbox 1175 1517 1282 1561; x_wconf 91' lang='lat' dir='ltr'>quae</span> <span class='ocrx_word' id='word_1_123' title='bbox 1313 1505 1543 1562; x_wconf 90' lang='lat' dir='ltr'>quominus</span> <span class='ocrx_word' id='word_1_124' title='bbox 1559 1512 1676 1551; x_wconf 90' lang='lat' dir='ltr'>recte</span> 
     </span>
     <span class='ocr_line' id='line_1_19' title="bbox 197 1576 1678 1637; baseline -0.001 -15"><span class='ocrx_word' id='word_1_125' title='bbox 197 1577 411 1637; x_wconf 90' lang='lat' dir='ltr'>disputata</span> <span class='ocrx_word' id='word_1_126' title='bbox 454 1591 548 1623; x_wconf 89' lang='lat' dir='ltr'>esse</span> <span class='ocrx_word' id='word_1_127' title='bbox 579 1583 753 1635; x_wconf 88' lang='lat' dir='ltr'>putem,</span> <span class='ocrx_word' id='word_1_128' title='bbox 790 1576 1000 1635; x_wconf 87' lang='lat' dir='ltr'>impedior</span> <span class='ocrx_word' id='word_1_129' title='bbox 1031 1583 1074 1621; x_wconf 91' lang='lat' dir='ltr'>et</span> <span class='ocrx_word' id='word_1_130' title='bbox 1105 1590 1155 1621; x_wconf 91' lang='lat' dir='ltr'>eo</span> <span class='ocrx_word' id='word_1_131' title='bbox 1192 1577 1307 1634; x_wconf 90' lang='lat' dir='ltr'>quod</span> <span class='ocrx_word' id='word_1_132' title='bbox 1337 1577 1578 1623; x_wconf 91' lang='lat' dir='ltr'>Herodotus</span> <span class='ocrx_word' id='word_1_133' title='bbox 1612 1577 1678 1622; x_wconf 92' lang='lat' dir='ltr'>ni-</span> 
     </span>
     <span class='ocr_line' id='line_1_20' title="bbox 196 1647 1678 1707; baseline -0.001 -13"><span class='ocrx_word' id='word_1_134' title='bbox 196 1650 256 1694; x_wconf 93' lang='lat' dir='ltr'>hil</span> <span class='ocrx_word' id='word_1_135' title='bbox 303 1649 432 1694; x_wconf 90' lang='lat' dir='ltr'>tradit</span> <span class='ocrx_word' id='word_1_136' title='bbox 480 1649 594 1693; x_wconf 89' lang='lat' dir='ltr'>unde</span> <span class='ocrx_word' id='word_1_137' title='bbox 639 1662 724 1705; x_wconf 91' lang='lat' dir='ltr'>quo</span> <span class='ocrx_word' id='word_1_138' title='bbox 766 1647 907 1692; x_wconf 90' lang='lat' dir='ltr'>animo</span> <span class='ocrx_word' id='word_1_139' title='bbox 940 1648 1248 1705; x_wconf 83' lang='lat' dir='ltr'>Megarensium</span> <span class='ocrx_word' id='word_1_140' title='bbox 1279 1649 1487 1707; x_wconf 87' lang='lat' dir='ltr'>primores</span> <span class='ocrx_word' id='word_1_141' title='bbox 1521 1649 1678 1694; x_wconf 84' lang='lat' dir='ltr'>fuerint</span> 
     </span>
     <span class='ocr_line' id='line_1_21' title="bbox 199 1719 1675 1780; baseline -0.001 -14"><span class='ocrx_word' id='word_1_142' title='bbox 199 1721 297 1766; x_wconf 91' lang='lat' dir='ltr'>sciri</span> <span class='ocrx_word' id='word_1_143' title='bbox 342 1720 502 1780; x_wconf 86' lang='lat' dir='ltr'>possit,</span> <span class='ocrx_word' id='word_1_144' title='bbox 554 1727 596 1765; x_wconf 86' lang='lat' dir='ltr'>et</span> <span class='ocrx_word' id='word_1_145' title='bbox 644 1734 695 1764; x_wconf 93' lang='lat' dir='ltr'>eo</span> <span class='ocrx_word' id='word_1_146' title='bbox 727 1720 842 1776; x_wconf 91' lang='lat' dir='ltr'>quod</span> <span class='ocrx_word' id='word_1_147' title='bbox 871 1719 1114 1765; x_wconf 86' lang='lat' dir='ltr'>istiusmodi</span> <span class='ocrx_word' id='word_1_148' title='bbox 1144 1720 1341 1779; x_wconf 86' lang='lat' dir='ltr'>ambigua</span> <span class='ocrx_word' id='word_1_149' title='bbox 1371 1722 1469 1766; x_wconf 90' lang='lat' dir='ltr'>belli</span> <span class='ocrx_word' id='word_1_150' title='bbox 1502 1720 1675 1780; x_wconf 90' lang='lat' dir='ltr'>gerendi</span> 
     </span>
     <span class='ocr_line' id='line_1_22' title="bbox 194 1791 1676 1852; baseline 0 -14"><span class='ocrx_word' id='word_1_151' title='bbox 194 1793 328 1847; x_wconf 86' lang='lat' dir='ltr'>ratio,</span> <span class='ocrx_word' id='word_1_152' title='bbox 373 1793 540 1850; x_wconf 90' lang='lat' dir='ltr'>qualem</span> <span class='ocrx_word' id='word_1_153' title='bbox 587 1791 800 1850; x_wconf 82' lang='lat' dir='ltr'>Theognis</span> <span class='ocrx_word' id='word_1_154' title='bbox 843 1798 1016 1836; x_wconf 89' lang='lat' dir='ltr'>secutus</span> <span class='ocrx_word' id='word_1_155' title='bbox 1047 1806 1142 1837; x_wconf 89' lang='lat' dir='ltr'>esse</span> <span class='ocrx_word' id='word_1_156' title='bbox 1173 1792 1392 1851; x_wconf 87' lang='lat' dir='ltr'>arguitur,</span> <span class='ocrx_word' id='word_1_157' title='bbox 1429 1793 1676 1852; x_wconf 85' lang='lat' dir='ltr'>imaginaria</span> 
     </span>
     <span class='ocr_line' id='line_1_23' title="bbox 197 1863 1173 1911; baseline -0.001 -1"><span class='ocrx_word' id='word_1_158' title='bbox 197 1873 261 1911; x_wconf 89' lang='lat' dir='ltr'>est</span> <span class='ocrx_word' id='word_1_159' title='bbox 293 1879 371 1910; x_wconf 89' lang='lat' dir='ltr'>nec</span> <span class='ocrx_word' id='word_1_160' title='bbox 403 1870 687 1909; x_wconf 90' lang='lat' dir='ltr'>consentanea</span> <span class='ocrx_word' id='word_1_161' title='bbox 722 1878 821 1908; x_wconf 90' lang='lat' dir='ltr'>cum</span> <span class='ocrx_word' id='word_1_162' title='bbox 852 1879 912 1909; x_wconf 90' lang='lat' dir='ltr'>vs.</span> <span class='ocrx_word' id='word_1_163' title='bbox 945 1863 1173 1909; x_wconf 70' lang='lat'>549—53:</span> 
     </span>
     <span class='ocr_line' id='line_1_24' title="bbox 398 1935 1568 1993; baseline 0 -15"><span class='ocrx_word' id='word_1_164' title='bbox 398 1935 615 1988; x_wconf 60' lang='lat' dir='ltr'>’&#39;Ayyezog</span> <span class='ocrx_word' id='word_1_165' title='bbox 645 1940 864 1989; x_wconf 75' lang='grc' dir='ltr'><em>ἄφθογγος</em></span> <span class='ocrx_word' id='word_1_166' title='bbox 891 1936 1070 1990; x_wconf 73' lang='grc' dir='ltr'><em>πόλεμον</em></span> <span class='ocrx_word' id='word_1_167' title='bbox 1097 1935 1364 1992; x_wconf 81' lang='grc' dir='ltr'><em>πολύδακρυν</em></span> <span class='ocrx_word' id='word_1_168' title='bbox 1399 1939 1568 1993; x_wconf 73' lang='grc' dir='ltr'>ἐγείρει,</span> 
     </span>
     <span class='ocr_line' id='line_1_25' title="bbox 457 2007 1485 2064; baseline 0.002 -14"><span class='ocrx_word' id='word_1_169' title='bbox 457 2007 589 2063; x_wconf 79' lang='grc' dir='ltr'><em>Κύρν’</em></span> <span class='ocrx_word' id='word_1_170' title='bbox 607 2041 616 2058; x_wconf 83' lang='grc'>,</span> <span class='ocrx_word' id='word_1_171' title='bbox 650 2008 733 2049; x_wconf 74' lang='grc' dir='ltr'>ἀπὸ</span> <span class='ocrx_word' id='word_1_172' title='bbox 763 2007 992 2063; x_wconf 82' lang='grc' dir='ltr'><em>τηλαυγέος</em></span> <span class='ocrx_word' id='word_1_173' title='bbox 1023 2011 1272 2063; x_wconf 74' lang='grc' dir='ltr'><em>φαινόμενος</em></span> <span class='ocrx_word' id='word_1_174' title='bbox 1302 2014 1485 2064; x_wconf 80' lang='grc' dir='ltr'><em>σκοπιῆς.</em></span> 
     </span>
     <span class='ocr_line' id='line_1_26' title="bbox 397 2078 1485 2138; baseline 0.004 -17"><span class='ocrx_word' id='word_1_175' title='bbox 397 2078 490 2122; x_wconf 74' lang='grc' dir='ltr'><em>ἀλλ’</em></span> <span class='ocrx_word' id='word_1_176' title='bbox 521 2081 667 2129; x_wconf 71' lang='grc' dir='ltr'><em>ἵπποις</em></span> <span class='ocrx_word' id='word_1_177' title='bbox 702 2079 882 2136; x_wconf 77' lang='grc' dir='ltr'><em>ἔμβαλλε</em></span> <span class='ocrx_word' id='word_1_178' title='bbox 921 2081 1242 2137; x_wconf 79' lang='grc' dir='ltr'><em>ταχυπτέρνοισι</em></span> <span class='ocrx_word' id='word_1_179' title='bbox 1273 2081 1485 2138; x_wconf 81' lang='grc' dir='ltr'><em>χαλινούς·</em></span> 
     </span>
     <span class='ocr_line' id='line_1_27' title="bbox 455 2151 1392 2207; baseline 0.002 -13"><span class='ocrx_word' id='word_1_180' title='bbox 455 2151 565 2207; x_wconf 82' lang='grc' dir='ltr'><em>δῄων</em></span> <span class='ocrx_word' id='word_1_181' title='bbox 598 2156 675 2207; x_wconf 80' lang='grc' dir='ltr'>γάρ</span> <span class='ocrx_word' id='word_1_182' title='bbox 707 2153 775 2206; x_wconf 90' lang='grc' dir='ltr'>σφ’</span> <span class='ocrx_word' id='word_1_183' title='bbox 809 2152 976 2207; x_wconf 72' lang='grc' dir='ltr'><em>ἀνδρῶν</em></span> <span class='ocrx_word' id='word_1_184' title='bbox 1003 2153 1218 2196; x_wconf 77' lang='grc' dir='ltr'><em>οἷντιάσειν</em></span> <span class='ocrx_word' id='word_1_185' title='bbox 1250 2153 1392 2197; x_wconf 80' lang='grc' dir='ltr'><em>δοκέω.</em></span> 
     </span>
     <span class='ocr_line' id='line_1_28' title="bbox 397 2222 1459 2281; baseline 0.003 -16"><span class='ocrx_word' id='word_1_186' title='bbox 397 2224 444 2265; x_wconf 72' lang='lat' dir='ltr'>oir</span> <span class='ocrx_word' id='word_1_187' title='bbox 475 2222 631 2266; x_wconf 88' lang='grc' dir='ltr'><em>πολλὸν</em></span> <span class='ocrx_word' id='word_1_188' title='bbox 663 2226 709 2266; x_wconf 87' lang='grc' dir='ltr'>τὸ</span> <span class='ocrx_word' id='word_1_189' title='bbox 738 2227 905 2279; x_wconf 61' lang='grc' dir='ltr'><em>μεσηγύ</em></span> <span class='ocrx_word' id='word_1_190' title='bbox 942 2225 1210 2281; x_wconf 79' lang='grc' dir='ltr'><em>διαπρήξουσι</em></span> <span class='ocrx_word' id='word_1_191' title='bbox 1243 2225 1459 2268; x_wconf 76' lang='grc' dir='ltr'><em>κέλευθον.</em></span> 
     </span>
     <span class='ocr_line' id='line_1_29' title="bbox 195 2295 1689 2354; baseline 0.001 -12"><span class='ocrx_word' id='word_1_192' title='bbox 195 2296 253 2342; x_wconf 82' lang='lat' dir='ltr'>Cs.</span> <span class='ocrx_word' id='word_1_193' title='bbox 299 2311 359 2343; x_wconf 88' lang='lat' dir='ltr'>vs.</span> <span class='ocrx_word' id='word_1_194' title='bbox 406 2295 600 2351; x_wconf 71' lang='lat'>235—-6;</span> <span class='ocrx_word' id='word_1_195' title='bbox 649 2295 861 2342; x_wconf 67' lang='lat'>825—30.</span> <span class='ocrx_word' id='word_1_196' title='bbox 908 2297 1045 2354; x_wconf 88' lang='lat' dir='ltr'>Atque</span> <span class='ocrx_word' id='word_1_197' title='bbox 1092 2298 1195 2343; x_wconf 90' lang='lat' dir='ltr'>haec</span> <span class='ocrx_word' id='word_1_198' title='bbox 1238 2298 1327 2343; x_wconf 89' lang='lat' dir='ltr'>sine</span> <span class='ocrx_word' id='word_1_199' title='bbox 1357 2298 1487 2343; x_wconf 91' lang='lat' dir='ltr'>dubio</span> <span class='ocrx_word' id='word_1_200' title='bbox 1522 2298 1689 2343; x_wconf 87' lang='lat' dir='ltr'>emissa</span> 
     </span>
     <span class='ocr_line' id='line_1_30' title="bbox 196 2368 1679 2429; baseline 0.002 -17"><span class='ocrx_word' id='word_1_201' title='bbox 196 2375 296 2413; x_wconf 90' lang='lat' dir='ltr'>sunt</span> <span class='ocrx_word' id='word_1_202' title='bbox 340 2369 384 2413; x_wconf 92' lang='lat' dir='ltr'>in</span> <span class='ocrx_word' id='word_1_203' title='bbox 430 2368 499 2413; x_wconf 88' lang='lat' dir='ltr'>illa</span> <span class='ocrx_word' id='word_1_204' title='bbox 542 2368 850 2427; x_wconf 86' lang='lat' dir='ltr'>trepidatione,</span> <span class='ocrx_word' id='word_1_205' title='bbox 899 2383 1058 2426; x_wconf 90' lang='lat' dir='ltr'>quum,</span> <span class='ocrx_word' id='word_1_206' title='bbox 1102 2370 1317 2415; x_wconf 90' lang='lat' dir='ltr'>Herodoto</span> <span class='ocrx_word' id='word_1_207' title='bbox 1350 2377 1457 2415; x_wconf 89' lang='lat' dir='ltr'>teste</span> <span class='ocrx_word' id='word_1_208' title='bbox 1474 2371 1540 2429; x_wconf 87' lang='lat'>2),</span> <span class='ocrx_word' id='word_1_209' title='bbox 1572 2370 1679 2415; x_wconf 88' lang='lat' dir='ltr'>Mar-</span> 
     </span>
     <span class='ocr_line' id='line_1_31' title="bbox 195 2441 1677 2499; baseline 0.003 -15"><span class='ocrx_word' id='word_1_210' title='bbox 195 2441 348 2485; x_wconf 88' lang='lat' dir='ltr'>donius</span> <span class='ocrx_word' id='word_1_211' title='bbox 386 2442 512 2499; x_wconf 90' lang='lat' dir='ltr'>paulo</span> <span class='ocrx_word' id='word_1_212' title='bbox 552 2447 649 2485; x_wconf 88' lang='lat' dir='ltr'>ante</span> <span class='ocrx_word' id='word_1_213' title='bbox 689 2455 876 2499; x_wconf 86' lang='lat' dir='ltr'>pugnam</span> <span class='ocrx_word' id='word_1_214' title='bbox 907 2441 1193 2486; x_wconf 87' lang='lat' dir='ltr'>Plataeensem</span> <span class='ocrx_word' id='word_1_215' title='bbox 1225 2442 1306 2487; x_wconf 85' lang='lat' dir='ltr'>iter</span> <span class='ocrx_word' id='word_1_216' title='bbox 1335 2442 1492 2488; x_wconf 84' lang='lat' dir='ltr'>faciens</span> <span class='ocrx_word' id='word_1_217' title='bbox 1523 2457 1573 2488; x_wconf 86' lang='lat' dir='ltr'>ex</span> <span class='ocrx_word' id='word_1_218' title='bbox 1604 2443 1677 2487; x_wconf 90' lang='lat' dir='ltr'>At-</span> 
     </span>
     <span class='ocr_line' id='line_1_32' title="bbox 197 2512 1677 2572; baseline 0.002 -15"><span class='ocrx_word' id='word_1_219' title='bbox 197 2513 280 2557; x_wconf 89' lang='lat' dir='ltr'>tica</span> <span class='ocrx_word' id='word_1_220' title='bbox 320 2512 363 2556; x_wconf 92' lang='lat' dir='ltr'>in</span> <span class='ocrx_word' id='word_1_221' title='bbox 393 2527 542 2570; x_wconf 87' lang='lat' dir='ltr'>agrum</span> <span class='ocrx_word' id='word_1_222' title='bbox 576 2513 845 2565; x_wconf 86' lang='lat' dir='ltr'>Thebanum,</span> <span class='ocrx_word' id='word_1_223' title='bbox 891 2513 1042 2558; x_wconf 92' lang='lat' dir='ltr'>nuntio</span> <span class='ocrx_word' id='word_1_224' title='bbox 1078 2520 1253 2572; x_wconf 88' lang='lat' dir='ltr'>accepto</span> <span class='ocrx_word' id='word_1_225' title='bbox 1284 2515 1518 2559; x_wconf 86' lang='lat' dir='ltr'>exercitum</span> <span class='ocrx_word' id='word_1_226' title='bbox 1549 2515 1677 2560; x_wconf 89' lang='lat' dir='ltr'>Lace-</span> 
     </span>
     <span class='ocr_line' id='line_1_33' title="bbox 196 2584 1676 2646; baseline 0.002 -16"><span class='ocrx_word' id='word_1_227' title='bbox 196 2585 516 2630; x_wconf 88' lang='lat' dir='ltr'>daemoniorum</span> <span class='ocrx_word' id='word_1_228' title='bbox 572 2584 736 2643; x_wconf 86' lang='lat' dir='ltr'>Megara</span> <span class='ocrx_word' id='word_1_229' title='bbox 782 2585 974 2638; x_wconf 88' lang='lat' dir='ltr'>venisse,</span> <span class='ocrx_word' id='word_1_230' title='bbox 1033 2600 1286 2631; x_wconf 89' lang='lat' dir='ltr'>conversum</span> <span class='ocrx_word' id='word_1_231' title='bbox 1330 2602 1482 2646; x_wconf 87' lang='lat' dir='ltr'>agmen</span> <span class='ocrx_word' id='word_1_232' title='bbox 1528 2602 1676 2633; x_wconf 89' lang='lat' dir='ltr'>versus</span> 
     </span>
     <span class='ocr_line' id='line_1_34' title="bbox 195 2656 1675 2718; baseline 0.002 -16"><span class='ocrx_word' id='word_1_233' title='bbox 195 2657 359 2715; x_wconf 86' lang='lat' dir='ltr'>Megara</span> <span class='ocrx_word' id='word_1_234' title='bbox 390 2657 591 2709; x_wconf 90' lang='lat' dir='ltr'>duceret,</span> <span class='ocrx_word' id='word_1_235' title='bbox 632 2656 823 2713; x_wconf 89' lang='lat' dir='ltr'>equitatu</span> <span class='ocrx_word' id='word_1_236' title='bbox 855 2657 1089 2715; x_wconf 85' lang='lat' dir='ltr'>praemisso</span> <span class='ocrx_word' id='word_1_237' title='bbox 1121 2658 1194 2714; x_wconf 92' lang='lat' dir='ltr'>qui</span> <span class='ocrx_word' id='word_1_238' title='bbox 1219 2672 1368 2716; x_wconf 84' lang='lat' dir='ltr'>agrum</span> <span class='ocrx_word' id='word_1_239' title='bbox 1388 2659 1675 2718; x_wconf 87' lang='lat' dir='ltr'>Megarensem</span> 
     </span>
     <span class='ocr_line' id='line_1_35' title="bbox 195 2728 1674 2790; baseline 0.002 -15"><span class='ocrx_word' id='word_1_240' title='bbox 195 2735 390 2775; x_wconf 89' lang='lat' dir='ltr'>vastaret.</span> <span class='ocrx_word' id='word_1_241' title='bbox 437 2728 594 2773; x_wconf 89' lang='lat' dir='ltr'>Verum</span> <span class='ocrx_word' id='word_1_242' title='bbox 642 2729 768 2773; x_wconf 90' lang='lat' dir='ltr'>etiam</span> <span class='ocrx_word' id='word_1_243' title='bbox 808 2729 852 2773; x_wconf 92' lang='lat' dir='ltr'>in</span> <span class='ocrx_word' id='word_1_244' title='bbox 886 2729 1043 2788; x_wconf 86' lang='lat' dir='ltr'>elegia,</span> <span class='ocrx_word' id='word_1_245' title='bbox 1077 2743 1183 2786; x_wconf 93' lang='lat' dir='ltr'>quae</span> <span class='ocrx_word' id='word_1_246' title='bbox 1214 2731 1320 2776; x_wconf 86' lang='lat' dir='ltr'>sacta</span> <span class='ocrx_word' id='word_1_247' title='bbox 1351 2739 1416 2776; x_wconf 91' lang='lat' dir='ltr'>est</span> <span class='ocrx_word' id='word_1_248' title='bbox 1447 2739 1674 2790; x_wconf 87' lang='lat' dir='ltr'>antequam</span> 
     </span>
    </p>
   </div>
   <div class='ocr_carea' id='block_1_3' title="bbox 246 2897 829 2999">
    <p class='ocr_par' dir='ltr' id='par_1_3' title="bbox 246 2897 829 2999">
     <span class='ocr_line' id='line_1_36' title="bbox 248 2897 829 2942; baseline -0.005 -10"><span class='ocrx_word' id='word_1_249' title='bbox 248 2900 274 2942; x_wconf 93' lang='lat'>¹)</span> <span class='ocrx_word' id='word_1_250' title='bbox 311 2898 420 2932; x_wconf 82' lang='lat' dir='ltr'>Philol.</span> <span class='ocrx_word' id='word_1_251' title='bbox 443 2909 471 2931; x_wconf 83' lang='lat' dir='ltr'>a.</span> <span class='ocrx_word' id='word_1_252' title='bbox 497 2897 591 2931; x_wconf 77' lang='grc'><strong>1850.</strong></span> <span class='ocrx_word' id='word_1_253' title='bbox 616 2908 649 2939; x_wconf 88' lang='lat' dir='ltr'>p.</span> <span class='ocrx_word' id='word_1_254' title='bbox 674 2897 738 2929; x_wconf 76' lang='lat'>474</span> <span class='ocrx_word' id='word_1_255' title='bbox 762 2909 829 2940; x_wconf 84' lang='lat' dir='ltr'>sqq.</span> 
     </span>
     <span class='ocr_line' id='line_1_37' title="bbox 246 2955 448 2999; baseline -0.01 -12"><span class='ocrx_word' id='word_1_256' title='bbox 246 2955 274 2999; x_wconf 83' lang='lat'>²&gt;</span> <span class='ocrx_word' id='word_1_257' title='bbox 310 2957 371 2990; x_wconf 77' lang='lat' dir='ltr'>lx.</span> <span class='ocrx_word' id='word_1_258' title='bbox 398 2956 448 2987; x_wconf 64' lang='grc'>14.</span> 
     </span>
    </p>
   </div>
   <div class='ocr_carea' id='block_1_4' title="bbox 267 2847 515 2852">
    <p class='ocr_par' dir='ltr' id='par_1_4' title="bbox 267 2847 515 2852">
     <span class='ocr_line' id='line_1_38' title="bbox 267 2847 515 2852; baseline 0 0"><span class='ocrx_word' id='word_1_259' title='bbox 267 2847 515 2852; x_wconf 95' lang='lat' dir='ltr'> </span> 
     </span>
    </p>
   </div>
  </div>
 </body>
</html>
