1898 3386
885 238 938 285 31

196 371 354 431 (1071)
386 373 549 428 Κύρνε,
579 369 726 425 φίλους
755 370 856 425 πρὸς
886 372 1050 418 πάντας
1082 367 1296 423 ἐπίστρεφε
1320 363 1515 410 ποικίλον
1542 360 1648 418 ἦθος

429 443 666 499 συμμίσγων
696 442 824 498 ὀργὴν
855 441 940 491 οἶος
972 440 1146 490 ἕκαστος
1173 439 1266 494 ἔφυ.

371 519 448 560 νῦν
477 517 555 571 μὲν
585 514 687 572 τῷδ’
721 515 908 569 ἐφέπου,
940 516 1033 557 τότε
1064 511 1273 562 δ’ἄλλοῒος
1304 509 1433 555 πέλευ
1462 509 1604 566 ὀργήν·

431 590 616 644 κρεῖσσόν
651 603 716 631 τοι
745 587 869 642 σοφίη
899 589 971 628 καὶ
1001 585 1182 641 μεγάλης
1211 585 1370 641 ἀρετῆς.

169 660 276 707 Nam
306 675 361 706 ne
389 660 536 706 multis
571 674 739 713 morer,
775 666 900 718 poeta
934 658 1074 704 verbis
1105 673 1128 704 e
1162 656 1421 717 Theognidis
1450 659 1652 712 excerpto

168 733 406 792 desumptis
437 746 620 791 puerum
650 731 871 790 obiurgat:

428 803 581 847 ἄλλοτε
611 807 720 855 τοῖς,
752 801 904 845 ἄλλοτε
935 807 1021 852 τοῖς
1054 802 1208 857 ἐφέπει.

113 870 119 878 ’
168 877 216 922 In
258 877 448 923 secundo
488 876 626 935 capite
665 876 732 920 bis
763 875 808 919 in
840 882 1092 920 transcursu
1127 874 1213 920 dixi
1245 888 1339 920 eam
1368 879 1533 932 partem
1566 870 1650 915 ele-

168 949 360 1008 giarum,
408 963 517 1007 quae
558 947 748 1001 ἐλεγείων
776 946 815 1004 β’
846 947 1097 992 inscribitur
1118 983 1128 1001 ‚
1163 954 1300 992 totam
1329 945 1516 1005 parodiis
1551 957 1655 989 con-

166 1021 305 1067 tineri.
355 1021 478 1067 Nunc
528 1035 580 1067 eo
622 1020 796 1079 perveni
828 1019 902 1064 ubi
933 1019 1204 1078 propositum
1235 1019 1424 1078 postulat
1453 1025 1502 1063 ut
1531 1029 1653 1061 enar-

165 1106 258 1139 rem
303 1106 432 1152 quam
478 1107 577 1139 vera
624 1093 679 1138 sit
725 1091 794 1137 illa
842 1091 1064 1137 sententia.
1115 1092 1221 1137 Nam
1253 1091 1370 1149 quod
1403 1096 1653 1136 ostenturus
1711 1140 1715 1145 ¹

170 1180 267 1212 sum
284 1202 295 1220 ,
326 1179 412 1224 quo
446 1171 572 1224 pacto
602 1165 768 1210 inversa
796 1164 961 1209 ratione
993 1164 1247 1209 vocabulum
1277 1163 1394 1221 quod
1415 1163 1461 1207 in
1488 1162 1655 1208 sincero

170 1237 359 1284 carmine
403 1243 656 1296 corruptum
697 1243 763 1281 est
798 1236 969 1281 iuvante
1012 1236 1186 1294 parodia
1229 1235 1468 1294 corrigatur
1483 1271 1494 1289 ‚
1524 1233 1655 1279 huius

170 1310 234 1356 rei
277 1310 520 1368 exemplum
569 1310 748 1355 fortasse
793 1307 1010 1367 probabile
1057 1322 1145 1353 non
1194 1307 1344 1353 faciam
1361 1344 1371 1361 ‚
1417 1307 1501 1353 nisi
1534 1307 1654 1367 prius

169 1382 518 1428 demonstravero
569 1382 679 1426 hanc
710 1380 942 1439 elegiarum
976 1387 1141 1439 partem
1174 1386 1308 1425 totam
1330 1380 1416 1425 fere
1443 1393 1495 1426 ex
1525 1380 1654 1425 altera

172 1455 371 1513 pendere.
432 1453 500 1499 Sic
545 1468 694 1499 omnes
739 1452 940 1510 deinceps
986 1452 1184 1510 parodiae
1202 1489 1212 1506 ‚
1260 1465 1368 1510 quae
1414 1453 1494 1499 hac
1535 1458 1654 1511 parte

174 1526 449 1571 continentur
466 1562 476 1579 ‚
538 1525 816 1584 apparebunt.
1187 1549 1189 1551 -

229 1598 577 1656 Contemplemur
606 1596 831 1641 introitum
847 1632 857 1649 ‚
891 1595 965 1640 ubi
995 1596 1126 1641 Amor
1163 1596 1421 1655 castigatur:

202 1668 358 1728 (1231)
387 1668 560 1727 Σχέτλι’
590 1668 755 1723 ”Ερως,
785 1667 935 1723 μανίαι
966 1668 1001 1708 σ’
1036 1670 1343 1723 ἐτιθηνήσαντο
1375 1668 1593 1725 λαβοῦσαι·

433 1743 478 1783 ἐκ
508 1740 633 1784 σέθεν
665 1739 794 1783 ὤλετο
827 1743 905 1795 μὲν
937 1739 1072 1783 Ἰλίου
1104 1739 1329 1796 ἀκρόπολις
1346 1774 1359 1794 ,

377 1812 506 1856 ὤλετο
536 1812 575 1855 δ’
606 1812 814 1868 Αἷγείδης
848 1814 1004 1868 Θησεύς
1035 1812 1192 1868 μέγας,
1230 1812 1358 1856 ὤλετο
1391 1812 1428 1855 δ’
1463 1812 1608 1863 Αἴας,

431 1883 584 1935 ἐσθλὸς
608 1884 824 1940 Ὀϊλιάδης
842 1922 851 1939 ,
883 1890 1001 1941 σῇσιν
1033 1884 1332 1935 ἅτασθαλίαις.

231 1957 343 2010 Quid
396 1958 526 2011 furis,
575 1958 739 2016 poeta‘?
785 1958 880 2003 Non
924 1964 1000 2003 tuo
1047 1958 1146 2016 igne
1196 1958 1318 2003 ardes
1368 1958 1443 2003 sed
1488 1958 1626 2003 alieno
1643 1994 1654 2011 ,

176 2043 304 2087 quem
334 2029 479 2089 petisti
509 2044 560 2074 ex
592 2029 901 2088 indignabundi
934 2029 1192 2088 Theognidis
1222 2030 1444 2075 versibus:

205 2100 362 2160 (1103)
395 2101 546 2159 εὝβρις
577 2105 648 2143 καὶ
679 2105 919 2156 Μάγνητας
951 2100 1138 2144 α’πὼλεσε
1171 2105 1241 2143 καὶ
1274 2100 1514 2156 Κολοφῶνα

439 2177 510 2215 καὶ
543 2178 776 2230 Σμύρνην,
806 2178 1003 2226 πάντως,
1036 2177 1201 2229 Κύρνε,
1232 2174 1300 2217 καὶ
1323 2175 1423 2229 ἄμμ’
1443 2173 1658 2233 1)(ἰπολεῖ.

235 2247 362 2306 (541)
396 2247 608 2301 Δειμαίνω
639 2249 693 2300 μὴ
728 2245 851 2299 τήνδε
882 2244 1006 2288 πόλιν
1038 2245 1296 2302 Πολυπαὶδη
1325 2248 1463 2304 ὕβρις,

439 2321 541 2374 ἢπερ
571 2320 839 2373 Κενταύρους
868 2317 1141 2372 ὠμοφάγους,
1175 2317 1309 2375 ὀλέσῃ.

178 2392 372 2438 Debebas
417 2391 594 2443 saltem,
633 2404 659 2435 o
696 2390 835 2443 bone,
871 2389 906 2434 si
939 2390 1086 2435 sordes
1120 2389 1197 2434 tibi
1228 2391 1479 2449 placebant,
1515 2391 1661 2436 Amori

175 2478 349 2523 parcere
366 2500 376 2517 ,
407 2476 595 2521 quocum
629 2462 706 2506 tibi
738 2476 825 2506 non
855 2461 990 2520 magis
1007 2475 1135 2519 quam
1147 2476 1246 2507 cum
1274 2462 1405 2507 Musis
1427 2463 1661 2520 quidquam

177 2543 243 2581 est
296 2549 522 2580 commune
539 2571 549 2587 ‚
596 2540 639 2579 et
684 2534 736 2579 ab
782 2533 933 2579 eodem
962 2533 1222 2592 principium
1250 2534 1387 2580 facere
1413 2549 1461 2580 ac
1491 2534 1632 2583 Strato
1649 2573 1660 2591 ‚

175 2615 347 2653 tuarum
376 2606 568 2652 sordium
602 2619 802 2651 consors:

379 2679 457 2720 Ἐκ
489 2680 589 2727 Διὸς
619 2678 898 2735 οἷρχώμεσθα,
931 2679 1078 2728 καθὼς
1109 2678 1270 2733 εἴρηκεν
1301 2678 1511 2736 ''Aqui-04⁸·

450 2751 546 2806 ὑμῖν
579 2748 646 2801 δ’,
678 2744 711 2791 ὦ
742 2754 914 2792 Μοῦσαι
939 2787 949 2804 ,
986 2755 1157 2806 σήμερον
1189 2751 1263 2793 οὐκ
1295 2751 1466 2810 ἐνοχλῶ.

225 2996 255 3038 ¹)
290 2996 336 3028 lta
360 2994 522 3032 Welcker;
546 2991 632 3034 ὔμμ’
660 2993 742 3035 apud
766 2993 931 3034 Bergkium
954 3005 971 3027 e
995 2995 1170 3028 Mutinensi.
