<?xml version="1.0" encoding="UTF-8"?>
<!DOCTYPE html PUBLIC "-//W3C//DTD XHTML 1.0 Transitional//EN"
    "http://www.w3.org/TR/xhtml1/DTD/xhtml1-transitional.dtd">
<html xmlns="http://www.w3.org/1999/xhtml" xml:lang="en" lang="en">
 <head>
  <title>
</title>
<meta http-equiv="Content-Type" content="text/html;charset=utf-8" />
  <meta name='ocr-system' content='tesseract 3.04.00' />
  <meta name='ocr-capabilities' content='ocr_page ocr_carea ocr_par ocr_line ocrx_word'/>
</head>
<body>
  <div class='ocr_page' id='page_1' title='image "./studiatheognidea00meyhuoft_0017.png"; bbox 0 0 1898 3386; ppageno 0'>
   <div class='ocr_carea' id='block_1_1' title="bbox 917 269 950 313">
    <p class='ocr_par' dir='ltr' id='par_1_1' title="bbox 917 269 950 313">
     <span class='ocr_line' id='line_1_1' title="bbox 917 269 950 313; baseline -0.091 0"><span class='ocrx_word' id='word_1_1' title='bbox 917 269 950 313; x_wconf 78' lang='lat'>7.-</span> 
     </span>
    </p>
   </div>
   <div class='ocr_carea' id='block_1_2' title="bbox 194 400 1676 1612">
    <p class='ocr_par' dir='ltr' id='par_1_2' title="bbox 194 400 1676 1612">
     <span class='ocr_line' id='line_1_2' title="bbox 194 400 938 456; baseline -0.004 -13"><span class='ocrx_word' id='word_1_2' title='bbox 194 403 235 444; x_wconf 83' lang='grc' dir='ltr'>οἱ</span> <span class='ocrx_word' id='word_1_3' title='bbox 263 400 486 456; x_wconf 84' lang='grc' dir='ltr'><em>δυνάμενοι</em></span> <span class='ocrx_word' id='word_1_4' title='bbox 520 403 640 443; x_wconf 82' lang='grc' dir='ltr'><em>τοῦτο</em></span> <span class='ocrx_word' id='word_1_5' title='bbox 671 403 830 450; x_wconf 77' lang='grc' dir='ltr'><em>ποιεῖν,</em></span> <span class='ocrx_word' id='word_1_6' title='bbox 867 402 938 440; x_wconf 86' lang='grc' dir='ltr'>καὶ</span> 
     </span>
     <span class='ocr_line' id='line_1_3' title="bbox 252 470 1546 531; baseline -0.005 -16"><span class='ocrx_word' id='word_1_7' title='bbox 252 472 379 531; x_wconf 80' lang='grc'>(436)</span> <span class='ocrx_word' id='word_1_8' title='bbox 470 474 516 514; x_wconf 84' lang='grc' dir='ltr'>οὗ</span> <span class='ocrx_word' id='word_1_9' title='bbox 547 472 639 514; x_wconf 80' lang='grc' dir='ltr'><em>ποτ’</em></span> <span class='ocrx_word' id='word_1_10' title='bbox 669 475 724 515; x_wconf 78' lang='grc' dir='ltr'>ἂν</span> <span class='ocrx_word' id='word_1_11' title='bbox 757 471 800 520; x_wconf 82' lang='grc' dir='ltr'>ἐξ</span> <span class='ocrx_word' id='word_1_12' title='bbox 830 471 996 523; x_wconf 72' lang='grc' dir='ltr'><em>ἀγαθοῦ</em></span> <span class='ocrx_word' id='word_1_13' title='bbox 1029 472 1183 525; x_wconf 76' lang='grc' dir='ltr'><em>πατρὸς</em></span> <span class='ocrx_word' id='word_1_14' title='bbox 1214 470 1357 522; x_wconf 72' lang='grc' dir='ltr'><em>ἔγεντο</em></span> <span class='ocrx_word' id='word_1_15' title='bbox 1391 470 1516 517; x_wconf 83' lang='grc' dir='ltr'><em>κακός</em></span> <span class='ocrx_word' id='word_1_16' title='bbox 1533 501 1546 520; x_wconf 91' lang='grc'>,</span> 
     </span>
     <span class='ocr_line' id='line_1_4' title="bbox 424 540 1525 598; baseline -0.005 -11"><span class='ocrx_word' id='word_1_17' title='bbox 424 547 672 598; x_wconf 73' lang='grc' dir='ltr'>πειθόμενος</span> <span class='ocrx_word' id='word_1_18' title='bbox 706 545 876 598; x_wconf 69' lang='grc' dir='ltr'><em>μύθοισι</em></span> <span class='ocrx_word' id='word_1_19' title='bbox 910 546 1147 598; x_wconf 87' lang='grc' dir='ltr'><em>σαόφροσιν·</em></span> <span class='ocrx_word' id='word_1_20' title='bbox 1180 541 1289 583; x_wconf 76' lang='grc' dir='ltr'><em>ἀλλὰ</em></span> <span class='ocrx_word' id='word_1_21' title='bbox 1319 540 1525 583; x_wconf 83' lang='grc' dir='ltr'><em>διδάσκων</em></span> 
     </span>
     <span class='ocr_line' id='line_1_5' title="bbox 489 613 1542 670; baseline -0.005 -12"><span class='ocrx_word' id='word_1_22' title='bbox 489 618 637 659; x_wconf 83' lang='grc' dir='ltr'><em>οὔποτε</em></span> <span class='ocrx_word' id='word_1_23' title='bbox 667 620 850 670; x_wconf 84' lang='grc' dir='ltr'><em>ποιήσεις</em></span> <span class='ocrx_word' id='word_1_24' title='bbox 879 617 952 658; x_wconf 80' lang='grc' dir='ltr'>τὸν</span> <span class='ocrx_word' id='word_1_25' title='bbox 986 616 1115 657; x_wconf 83' lang='grc' dir='ltr'><em>κακὸν</em></span> <span class='ocrx_word' id='word_1_26' title='bbox 1148 613 1271 670; x_wconf 82' lang='grc' dir='ltr'><em>ἄνδρ’</em></span> <span class='ocrx_word' id='word_1_27' title='bbox 1302 613 1468 665; x_wconf 74' lang='grc' dir='ltr'><em>α’γαθόν</em></span> <span class='ocrx_word' id='word_1_28' title='bbox 1493 613 1542 667; x_wconf 82' lang='grc'>1).</span> 
     </span>
     <span class='ocr_line' id='line_1_6' title="bbox 197 682 1671 745; baseline -0.007 -10"><span class='ocrx_word' id='word_1_29' title='bbox 197 691 289 736; x_wconf 85' lang='lat' dir='ltr'>Huc</span> <span class='ocrx_word' id='word_1_30' title='bbox 320 689 494 735; x_wconf 84' lang='lat' dir='ltr'>tertium</span> <span class='ocrx_word' id='word_1_31' title='bbox 526 689 669 733; x_wconf 83' lang='lat' dir='ltr'>locum</span> <span class='ocrx_word' id='word_1_32' title='bbox 699 687 815 733; x_wconf 72' lang='lat' dir='ltr'>addit</span> <span class='ocrx_word' id='word_1_33' title='bbox 845 687 960 732; x_wconf 82' lang='lat' dir='ltr'>Plato</span> <span class='ocrx_word' id='word_1_34' title='bbox 993 687 1120 745; x_wconf 83' lang='lat' dir='ltr'>Legg.</span> <span class='ocrx_word' id='word_1_35' title='bbox 1153 687 1182 731; x_wconf 94' lang='lat'>1.</span> <span class='ocrx_word' id='word_1_36' title='bbox 1213 701 1253 745; x_wconf 93' lang='lat' dir='ltr'>p.</span> <span class='ocrx_word' id='word_1_37' title='bbox 1286 684 1392 731; x_wconf 84' lang='lat'><strong>630:</strong></span> <span class='ocrx_word' id='word_1_38' title='bbox 1424 686 1602 739; x_wconf 83' lang='grc' dir='ltr'><em>ποιητὴν</em></span> <span class='ocrx_word' id='word_1_39' title='bbox 1627 682 1671 725; x_wconf 79' lang='grc' dir='ltr'>δὲ</span> 
     </span>
     <span class='ocr_line' id='line_1_7' title="bbox 197 757 1672 816; baseline -0.005 -11"><span class='ocrx_word' id='word_1_40' title='bbox 197 765 267 805; x_wconf 83' lang='grc' dir='ltr'>καὶ</span> <span class='ocrx_word' id='word_1_41' title='bbox 312 766 424 816; x_wconf 77' lang='grc' dir='ltr'><em>ἡμεῖς</em></span> <span class='ocrx_word' id='word_1_42' title='bbox 468 764 655 816; x_wconf 83' lang='grc' dir='ltr'><em>μάρτυρα</em></span> <span class='ocrx_word' id='word_1_43' title='bbox 688 760 833 816; x_wconf 78' lang='grc' dir='ltr'><em>ἔχομεν</em></span> <span class='ocrx_word' id='word_1_44' title='bbox 854 792 866 812; x_wconf 89' lang='grc'>,</span> <span class='ocrx_word' id='word_1_45' title='bbox 901 758 1107 812; x_wconf 80' lang='grc' dir='ltr'><em>Θέογνιν,</em></span> <span class='ocrx_word' id='word_1_46' title='bbox 1142 757 1319 813; x_wconf 84' lang='grc' dir='ltr'><em>πολίτην</em></span> <span class='ocrx_word' id='word_1_47' title='bbox 1352 759 1436 800; x_wconf 84' lang='grc' dir='ltr'>τῶν</span> <span class='ocrx_word' id='word_1_48' title='bbox 1469 758 1513 799; x_wconf 81' lang='grc' dir='ltr'>ἐν</span> <span class='ocrx_word' id='word_1_49' title='bbox 1544 759 1672 805; x_wconf 52' lang='grc' dir='ltr'><em>Σικεή</em></span> 
     </span>
     <span class='ocr_line' id='line_1_8' title="bbox 199 832 820 890; baseline -0.005 -14"><span class='ocrx_word' id='word_1_50' title='bbox 199 833 269 888; x_wconf 73' lang='grc' dir='ltr'>λίᾳ</span> <span class='ocrx_word' id='word_1_51' title='bbox 299 832 531 888; x_wconf 82' lang='grc' dir='ltr'><em>Μεγαρέων</em></span> <span class='ocrx_word' id='word_1_52' title='bbox 548 833 584 890; x_wconf 85' lang='lat'>2)</span> <span class='ocrx_word' id='word_1_53' title='bbox 604 866 614 882; x_wconf 88' lang='lat'>,</span> <span class='ocrx_word' id='word_1_54' title='bbox 648 833 692 881; x_wconf 87' lang='grc' dir='ltr'>ὃς</span> <span class='ocrx_word' id='word_1_55' title='bbox 723 846 820 887; x_wconf 86' lang='grc' dir='ltr'><em>φησι</em></span> 
     </span>
     <span class='ocr_line' id='line_1_9' title="bbox 283 901 1605 964; baseline -0.004 -18"><span class='ocrx_word' id='word_1_56' title='bbox 283 905 382 964; x_wconf 87' lang='lat'><strong>(77)</strong></span> <span class='ocrx_word' id='word_1_57' title='bbox 412 905 566 953; x_wconf 87' lang='grc' dir='ltr'><em>Πιστὸς</em></span> <span class='ocrx_word' id='word_1_58' title='bbox 596 905 701 959; x_wconf 68' lang='grc' dir='ltr'><em>ἀνὴρ</em></span> <span class='ocrx_word' id='word_1_59' title='bbox 733 907 881 960; x_wconf 82' lang='grc' dir='ltr'><em>χρυσοῦ</em></span> <span class='ocrx_word' id='word_1_60' title='bbox 912 920 955 945; x_wconf 86' lang='grc' dir='ltr'>τε</span> <span class='ocrx_word' id='word_1_61' title='bbox 987 907 1058 945; x_wconf 84' lang='grc' dir='ltr'>καὶ</span> <span class='ocrx_word' id='word_1_62' title='bbox 1088 903 1267 958; x_wconf 59' lang='grc' dir='ltr'><em>ἀργύρου</em></span> <span class='ocrx_word' id='word_1_63' title='bbox 1297 901 1605 956; x_wconf 69' lang='grc' dir='ltr'><em>ἅντερῠσασθαι</em></span> 
     </span>
     <span class='ocr_line' id='line_1_10' title="bbox 483 974 1380 1032; baseline -0.003 -14"><span class='ocrx_word' id='word_1_64' title='bbox 483 976 600 1025; x_wconf 79' lang='grc' dir='ltr'><em>ἄξιος</em></span> <span class='ocrx_word' id='word_1_65' title='bbox 630 977 675 1019; x_wconf 78' lang='grc' dir='ltr'>ἐν</span> <span class='ocrx_word' id='word_1_66' title='bbox 710 974 871 1032; x_wconf 84' lang='grc' dir='ltr'><em>χαλεπῇ</em></span> <span class='ocrx_word' id='word_1_67' title='bbox 882 984 900 1028; x_wconf 83' lang='grc'>,’</span> <span class='ocrx_word' id='word_1_68' title='bbox 926 977 1064 1030; x_wconf 72' lang='grc' dir='ltr'><em>Κύρνε</em></span> <span class='ocrx_word' id='word_1_69' title='bbox 1082 1008 1094 1028; x_wconf 86' lang='grc'>,</span> <span class='ocrx_word' id='word_1_70' title='bbox 1128 974 1380 1031; x_wconf 84' lang='grc' dir='ltr'><strong><em>διχοστασίῃ.</em></strong></span> 
     </span>
     <span class='ocr_line' id='line_1_11' title="bbox 197 1043 1673 1106; baseline -0.006 -10"><span class='ocrx_word' id='word_1_71' title='bbox 197 1051 442 1096; x_wconf 81' lang='lat' dir='ltr'><strong>Postremus</strong></span> <span class='ocrx_word' id='word_1_72' title='bbox 499 1047 621 1094; x_wconf 85' lang='lat' dir='ltr'>testis</span> <span class='ocrx_word' id='word_1_73' title='bbox 668 1047 811 1106; x_wconf 85' lang='lat' dir='ltr'>prodit</span> <span class='ocrx_word' id='word_1_74' title='bbox 854 1047 1123 1100; x_wconf 84' lang='lat' dir='ltr'>Aristoteles,</span> <span class='ocrx_word' id='word_1_75' title='bbox 1167 1046 1313 1092; x_wconf 82' lang='lat' dir='ltr'>dicens</span> <span class='ocrx_word' id='word_1_76' title='bbox 1356 1045 1452 1090; x_wconf 77' lang='lat' dir='ltr'><strong>Eth.</strong></span> <span class='ocrx_word' id='word_1_77' title='bbox 1497 1043 1673 1089; x_wconf 91' lang='lat' dir='ltr'>Eudem.</span> 
     </span>
     <span class='ocr_line' id='line_1_12' title="bbox 196 1119 495 1175; baseline -0.007 -9"><span class='ocrx_word' id='word_1_78' title='bbox 196 1122 294 1175; x_wconf 83' lang='lat' dir='ltr'>VII,</span> <span class='ocrx_word' id='word_1_79' title='bbox 327 1120 381 1175; x_wconf 70' lang='lat'>2,</span> <span class='ocrx_word' id='word_1_80' title='bbox 412 1119 495 1165; x_wconf 73' lang='lat'>40:</span> 
     </span>
     <span class='ocr_line' id='line_1_13' title="bbox 199 1189 1372 1248; baseline -0.004 -12"><span class='ocrx_word' id='word_1_81' title='bbox 199 1194 264 1237; x_wconf 81' lang='grc' dir='ltr'>δεῖ</span> <span class='ocrx_word' id='word_1_82' title='bbox 293 1196 370 1248; x_wconf 80' lang='grc' dir='ltr'><em>γὰρ</em></span> <span class='ocrx_word' id='word_1_83' title='bbox 401 1197 549 1248; x_wconf 80' lang='grc' dir='ltr'><em>πεῖραν</em></span> <span class='ocrx_word' id='word_1_84' title='bbox 581 1191 728 1247; x_wconf 81' lang='grc' dir='ltr'><em>λαβεῖν</em></span> <span class='ocrx_word' id='word_1_85' title='bbox 748 1225 757 1241; x_wconf 92' lang='grc'>,</span> <span class='ocrx_word' id='word_1_86' title='bbox 792 1191 925 1245; x_wconf 84' lang='grc' dir='ltr'><em>ὥσπερ</em></span> <span class='ocrx_word' id='word_1_87' title='bbox 957 1189 1067 1242; x_wconf 77' lang='grc' dir='ltr'><em>λέγει</em></span> <span class='ocrx_word' id='word_1_88' title='bbox 1099 1190 1166 1232; x_wconf 87' lang='grc' dir='ltr'>καὶ</span> <span class='ocrx_word' id='word_1_89' title='bbox 1198 1189 1372 1242; x_wconf 80' lang='grc' dir='ltr'><em>Θέογνις</em></span> 
     </span>
     <span class='ocr_line' id='line_1_14' title="bbox 259 1261 1504 1324; baseline -0.007 -13"><span class='ocrx_word' id='word_1_90' title='bbox 259 1265 385 1324; x_wconf 66' lang='lat'>(125)</span> <span class='ocrx_word' id='word_1_91' title='bbox 418 1265 465 1307; x_wconf 83' lang='grc' dir='ltr'>οὐ</span> <span class='ocrx_word' id='word_1_92' title='bbox 497 1266 574 1319; x_wconf 75' lang='grc' dir='ltr'><em>γὰρ</em></span> <span class='ocrx_word' id='word_1_93' title='bbox 604 1266 659 1306; x_wconf 85' lang='grc' dir='ltr'>ἂν</span> <span class='ocrx_word' id='word_1_94' title='bbox 691 1263 839 1318; x_wconf 78' lang='grc' dir='ltr'><em>εἰδείης</em></span> <span class='ocrx_word' id='word_1_95' title='bbox 866 1261 1017 1318; x_wconf 73' lang='grc' dir='ltr'><em>ἀνδρὸς</em></span> <span class='ocrx_word' id='word_1_96' title='bbox 1048 1265 1145 1305; x_wconf 89' lang='grc' dir='ltr'><em>νόον</em></span> <span class='ocrx_word' id='word_1_97' title='bbox 1177 1261 1272 1304; x_wconf 79' lang='grc' dir='ltr'><em>οὐδὲ</em></span> <span class='ocrx_word' id='word_1_98' title='bbox 1306 1263 1504 1314; x_wconf 78' lang='grc' dir='ltr'><em>γυναικός</em></span> 
     </span>
     <span class='ocr_line' id='line_1_15' title="bbox 481 1334 1288 1393; baseline -0.001 -13"><span class='ocrx_word' id='word_1_99' title='bbox 481 1337 576 1393; x_wconf 85' lang='grc' dir='ltr'><em>πρὶν</em></span> <span class='ocrx_word' id='word_1_100' title='bbox 608 1337 850 1391; x_wconf 78' lang='grc' dir='ltr'><em>πειρηθείης</em></span> <span class='ocrx_word' id='word_1_101' title='bbox 881 1336 1015 1389; x_wconf 83' lang='grc' dir='ltr'><em>ὥσπερ</em></span> <span class='ocrx_word' id='word_1_102' title='bbox 1047 1334 1288 1387; x_wconf 80' lang='grc' dir='ltr'><em>ὗποζυγίου.</em></span> 
     </span>
     <span class='ocr_line' id='line_1_16' title="bbox 197 1404 1676 1463; baseline -0.006 -8"><span class='ocrx_word' id='word_1_103' title='bbox 197 1416 240 1455; x_wconf 77' lang='lat' dir='ltr'>et</span> <span class='ocrx_word' id='word_1_104' title='bbox 270 1408 365 1455; x_wconf 90' lang='lat' dir='ltr'><strong>Eth.</strong></span> <span class='ocrx_word' id='word_1_105' title='bbox 398 1409 504 1454; x_wconf 80' lang='lat' dir='ltr'><strong>Eud.</strong></span> <span class='ocrx_word' id='word_1_106' title='bbox 537 1409 620 1463; x_wconf 90' lang='lat' dir='ltr'>III,</span> <span class='ocrx_word' id='word_1_107' title='bbox 654 1408 708 1462; x_wconf 73' lang='lat'>2,</span> <span class='ocrx_word' id='word_1_108' title='bbox 743 1408 824 1453; x_wconf 70' lang='lat'>29:</span> <span class='ocrx_word' id='word_1_109' title='bbox 857 1410 927 1449; x_wconf 85' lang='grc' dir='ltr'>καὶ</span> <span class='ocrx_word' id='word_1_110' title='bbox 959 1409 1036 1463; x_wconf 79' lang='grc' dir='ltr'><em>γὰρ</em></span> <span class='ocrx_word' id='word_1_111' title='bbox 1064 1409 1120 1450; x_wconf 84' lang='grc' dir='ltr'>ἂν</span> <span class='ocrx_word' id='word_1_112' title='bbox 1151 1412 1178 1461; x_wconf 82' lang='grc' dir='ltr'><em>ή</em></span> <span class='ocrx_word' id='word_1_113' title='bbox 1209 1408 1319 1463; x_wconf 78' lang='grc' dir='ltr'><em>ι’σχῦς</em></span> <span class='ocrx_word' id='word_1_114' title='bbox 1352 1407 1418 1448; x_wconf 83' lang='grc' dir='ltr'>καὶ</span> <span class='ocrx_word' id='word_1_115' title='bbox 1448 1407 1473 1447; x_wconf 86' lang='grc' dir='ltr'><em>ὁ</em></span> <span class='ocrx_word' id='word_1_116' title='bbox 1499 1404 1676 1454; x_wconf 84' lang='grc' dir='ltr'><em>πλοῦτος</em></span> 
     </span>
     <span class='ocr_line' id='line_1_17' title="bbox 201 1476 848 1536; baseline 0.003 -13"><span class='ocrx_word' id='word_1_117' title='bbox 201 1483 308 1524; x_wconf 80' lang='grc' dir='ltr'><strong><em>κατὰ</em></strong></span> <span class='ocrx_word' id='word_1_118' title='bbox 339 1481 518 1534; x_wconf 81' lang='grc' dir='ltr'><em>Θέογνιν</em></span> <span class='ocrx_word' id='word_1_119' title='bbox 549 1481 723 1536; x_wconf 73' lang='grc' dir='ltr'><em>ἀνδρεῖα</em></span> <span class='ocrx_word' id='word_1_120' title='bbox 753 1476 848 1525; x_wconf 77' lang='grc' dir='ltr'><em>εἷεν.</em></span> 
     </span>
     <span class='ocr_line' id='line_1_18' title="bbox 260 1551 1194 1612; baseline -0.007 -14"><span class='ocrx_word' id='word_1_121' title='bbox 260 1553 388 1612; x_wconf 78' lang='grc'>(177)</span> <span class='ocrx_word' id='word_1_122' title='bbox 418 1559 500 1603; x_wconf 82' lang='grc' dir='ltr'>πᾶς</span> <span class='ocrx_word' id='word_1_123' title='bbox 532 1556 609 1608; x_wconf 79' lang='grc' dir='ltr'><em>γὰρ</em></span> <span class='ocrx_word' id='word_1_124' title='bbox 639 1553 744 1607; x_wconf 71' lang='grc' dir='ltr'><em>ἀνὴρ</em></span> <span class='ocrx_word' id='word_1_125' title='bbox 777 1553 898 1608; x_wconf 85' lang='grc' dir='ltr'><em>πενίῃ</em></span> <span class='ocrx_word' id='word_1_126' title='bbox 931 1551 1194 1606; x_wconf 80' lang='grc' dir='ltr'><em>δεδμημένος.</em></span> 
     </span>
    </p>
   </div>
   <div class='ocr_carea' id='block_1_3' title="bbox 200 1693 1685 2259">
    <p class='ocr_par' dir='ltr' id='par_1_3' title="bbox 200 1693 1685 2259">
     <span class='ocr_line' id='line_1_19' title="bbox 256 1693 1678 1756; baseline -0.004 -15"><span class='ocrx_word' id='word_1_127' title='bbox 256 1696 481 1742; x_wconf 80' lang='lat' dir='ltr'>Videamus</span> <span class='ocrx_word' id='word_1_128' title='bbox 514 1697 617 1756; x_wconf 88' lang='lat' dir='ltr'>quid</span> <span class='ocrx_word' id='word_1_129' title='bbox 647 1696 754 1742; x_wconf 84' lang='lat' dir='ltr'>lueri</span> <span class='ocrx_word' id='word_1_130' title='bbox 785 1696 1028 1742; x_wconf 86' lang='lat' dir='ltr'>testimonia</span> <span class='ocrx_word' id='word_1_131' title='bbox 1057 1696 1298 1755; x_wconf 84' lang='lat' dir='ltr'>praebeant.</span> <span class='ocrx_word' id='word_1_132' title='bbox 1333 1693 1431 1738; x_wconf 91' lang='lat' dir='ltr'>Sine</span> <span class='ocrx_word' id='word_1_133' title='bbox 1461 1693 1545 1738; x_wconf 84' lang='lat' dir='ltr'>ulla</span> <span class='ocrx_word' id='word_1_134' title='bbox 1577 1706 1678 1737; x_wconf 88' lang='lat' dir='ltr'>con-</span> 
     </span>
     <span class='ocr_line' id='line_1_20' title="bbox 200 1763 1681 1827; baseline -0.005 -13"><span class='ocrx_word' id='word_1_135' title='bbox 200 1768 405 1814; x_wconf 82' lang='lat' dir='ltr'>troversie</span> <span class='ocrx_word' id='word_1_136' title='bbox 451 1769 683 1827; x_wconf 81' lang='lat' dir='ltr'>plurimum</span> <span class='ocrx_word' id='word_1_137' title='bbox 727 1769 902 1827; x_wconf 87' lang='lat' dir='ltr'>prodest</span> <span class='ocrx_word' id='word_1_138' title='bbox 946 1769 1066 1813; x_wconf 85' lang='lat' dir='ltr'>loeus</span> <span class='ocrx_word' id='word_1_139' title='bbox 1111 1766 1433 1825; x_wconf 84' lang='lat' dir='ltr'>Xenophontis,</span> <span class='ocrx_word' id='word_1_140' title='bbox 1479 1763 1681 1824; x_wconf 83' lang='lat' dir='ltr'>quoniam</span> 
     </span>
     <span class='ocr_line' id='line_1_21' title="bbox 203 1837 1683 1900; baseline -0.004 -14"><span class='ocrx_word' id='word_1_141' title='bbox 203 1841 507 1900; x_wconf 69' lang='lat' dir='ltr'>proprietatem</span> <span class='ocrx_word' id='word_1_142' title='bbox 540 1840 835 1899; x_wconf 82' lang='lat' dir='ltr'>Theognideae</span> <span class='ocrx_word' id='word_1_143' title='bbox 867 1840 1010 1899; x_wconf 92' lang='lat' dir='ltr'>poesis</span> <span class='ocrx_word' id='word_1_144' title='bbox 1042 1839 1211 1884; x_wconf 83' lang='lat' dir='ltr'>indicat.</span> <span class='ocrx_word' id='word_1_145' title='bbox 1246 1838 1353 1883; x_wconf 84' lang='lat' dir='ltr'>Hinc</span> <span class='ocrx_word' id='word_1_146' title='bbox 1384 1837 1498 1883; x_wconf 91' lang='lat' dir='ltr'>enim</span> <span class='ocrx_word' id='word_1_147' title='bbox 1525 1850 1683 1894; x_wconf 83' lang='lat' dir='ltr'>cogno-</span> 
     </span>
     <span class='ocr_line' id='line_1_22' title="bbox 205 1909 1682 1971; baseline -0.003 -13"><span class='ocrx_word' id='word_1_148' title='bbox 205 1913 363 1958; x_wconf 85' lang='lat' dir='ltr'>scimus</span> <span class='ocrx_word' id='word_1_149' title='bbox 405 1913 695 1971; x_wconf 82' lang='lat' dir='ltr'>Theognidem</span> <span class='ocrx_word' id='word_1_150' title='bbox 738 1913 790 1957; x_wconf 91' lang='lat' dir='ltr'>de</span> <span class='ocrx_word' id='word_1_151' title='bbox 821 1913 935 1957; x_wconf 85' lang='lat' dir='ltr'>nulla</span> <span class='ocrx_word' id='word_1_152' title='bbox 966 1912 1044 1956; x_wconf 82' lang='lat' dir='ltr'>alia</span> <span class='ocrx_word' id='word_1_153' title='bbox 1073 1926 1119 1956; x_wconf 88' lang='lat' dir='ltr'>re</span> <span class='ocrx_word' id='word_1_154' title='bbox 1150 1910 1337 1956; x_wconf 82' lang='lat' dir='ltr'>carmina</span> <span class='ocrx_word' id='word_1_155' title='bbox 1367 1909 1519 1955; x_wconf 76' lang='lat' dir='ltr'>iecisse</span> <span class='ocrx_word' id='word_1_156' title='bbox 1553 1923 1682 1967; x_wconf 87' lang='lat' dir='ltr'>quam</span> 
     </span>
     <span class='ocr_line' id='line_1_23' title="bbox 203 1977 1684 2036; baseline -0.003 -7"><span class='ocrx_word' id='word_1_157' title='bbox 203 1977 514 2030; x_wconf 67' lang='lat' dir='ltr'>de‘virtutibus</span> <span class='ocrx_word' id='word_1_158' title='bbox 546 1992 589 2030; x_wconf 80' lang='lat' dir='ltr'>et</span> <span class='ocrx_word' id='word_1_159' title='bbox 621 1985 734 2030; x_wconf 84' lang='lat' dir='ltr'>vitiis</span> <span class='ocrx_word' id='word_1_160' title='bbox 766 1984 1000 2030; x_wconf 88' lang='lat' dir='ltr'>hominum.</span> <span class='ocrx_word' id='word_1_161' title='bbox 1049 1983 1159 2036; x_wconf 84' lang='lat' dir='ltr'>Quid</span> <span class='ocrx_word' id='word_1_162' title='bbox 1190 1990 1333 2028; x_wconf 83' lang='lat' dir='ltr'>autem</span> <span class='ocrx_word' id='word_1_163' title='bbox 1363 1982 1498 2027; x_wconf 82' lang='lat' dir='ltr'>virtus</span> <span class='ocrx_word' id='word_1_164' title='bbox 1529 1981 1684 2026; x_wconf 85' lang='lat' dir='ltr'>habea-</span> 
     </span>
     <span class='ocr_line' id='line_1_24' title="bbox 202 2054 1683 2115; baseline -0.001 -14"><span class='ocrx_word' id='word_1_165' title='bbox 202 2063 274 2101; x_wconf 79' lang='lat' dir='ltr'>tur</span> <span class='ocrx_word' id='word_1_166' title='bbox 291 2093 301 2110; x_wconf 86' lang='lat'>,</span> <span class='ocrx_word' id='word_1_167' title='bbox 349 2057 453 2115; x_wconf 91' lang='lat' dir='ltr'>quid</span> <span class='ocrx_word' id='word_1_168' title='bbox 496 2056 669 2110; x_wconf 79' lang='lat' dir='ltr'>vitium,</span> <span class='ocrx_word' id='word_1_169' title='bbox 718 2071 805 2102; x_wconf 90' lang='lat' dir='ltr'>non</span> <span class='ocrx_word' id='word_1_170' title='bbox 849 2056 1074 2115; x_wconf 84' lang='lat' dir='ltr'>separatim</span> <span class='ocrx_word' id='word_1_171' title='bbox 1118 2054 1295 2114; x_wconf 80' lang='lat' dir='ltr'>intelligi</span> <span class='ocrx_word' id='word_1_172' title='bbox 1327 2061 1497 2114; x_wconf 79' lang='lat' dir='ltr'>potest,</span> <span class='ocrx_word' id='word_1_173' title='bbox 1534 2055 1608 2099; x_wconf 92' lang='lat' dir='ltr'>sed</span> <span class='ocrx_word' id='word_1_174' title='bbox 1638 2054 1683 2099; x_wconf 89' lang='lat' dir='ltr'>in</span> 
     </span>
     <span class='ocr_line' id='line_1_25' title="bbox 204 2126 1683 2187; baseline -0.002 -14"><span class='ocrx_word' id='word_1_175' title='bbox 204 2143 459 2187; x_wconf 84' lang='lat' dir='ltr'>unaquaque</span> <span class='ocrx_word' id='word_1_176' title='bbox 507 2142 553 2173; x_wconf 89' lang='lat' dir='ltr'>re</span> <span class='ocrx_word' id='word_1_177' title='bbox 599 2128 887 2173; x_wconf 87' lang='lat' dir='ltr'>definiendum</span> <span class='ocrx_word' id='word_1_178' title='bbox 931 2135 1007 2173; x_wconf 83' lang='lat' dir='ltr'>est.</span> <span class='ocrx_word' id='word_1_179' title='bbox 1052 2127 1288 2186; x_wconf 82' lang='lat' dir='ltr'>Theognidi</span> <span class='ocrx_word' id='word_1_180' title='bbox 1326 2126 1428 2171; x_wconf 88' lang='lat' dir='ltr'>boni</span> <span class='ocrx_word' id='word_1_181' title='bbox 1462 2126 1548 2171; x_wconf 88' lang='lat' dir='ltr'>fere</span> <span class='ocrx_word' id='word_1_182' title='bbox 1583 2132 1683 2171; x_wconf 83' lang='lat' dir='ltr'>sunt</span> 
     </span>
     <span class='ocr_line' id='line_1_26' title="bbox 204 2198 1685 2259; baseline -0.001 -15"><span class='ocrx_word' id='word_1_183' title='bbox 204 2200 235 2244; x_wconf 94' lang='lat' dir='ltr'>ii</span> <span class='ocrx_word' id='word_1_184' title='bbox 266 2213 451 2259; x_wconf 90' lang='lat' dir='ltr'>quorum</span> <span class='ocrx_word' id='word_1_185' title='bbox 484 2206 627 2258; x_wconf 85' lang='lat' dir='ltr'>partes</span> <span class='ocrx_word' id='word_1_186' title='bbox 661 2200 855 2258; x_wconf 84' lang='lat' dir='ltr'>sequitur</span> <span class='ocrx_word' id='word_1_187' title='bbox 885 2200 929 2244; x_wconf 91' lang='lat' dir='ltr'>in</span> <span class='ocrx_word' id='word_1_188' title='bbox 962 2199 1178 2258; x_wconf 81' lang='lat' dir='ltr'>republica</span> <span class='ocrx_word' id='word_1_189' title='bbox 1195 2199 1245 2256; x_wconf 84' lang='lat'>³).</span> <span class='ocrx_word' id='word_1_190' title='bbox 1293 2198 1421 2244; x_wconf 84' lang='lat' dir='ltr'>Favet</span> <span class='ocrx_word' id='word_1_191' title='bbox 1452 2204 1577 2257; x_wconf 86' lang='lat' dir='ltr'>poeta</span> <span class='ocrx_word' id='word_1_192' title='bbox 1609 2212 1685 2243; x_wconf 92' lang='lat' dir='ltr'>no-</span> 
     </span>
    </p>
   </div>
   <div class='ocr_carea' id='block_1_4' title="bbox 203 2381 1696 2944">
    <p class='ocr_par' dir='ltr' id='par_1_4' title="bbox 203 2381 1696 2944">
     <span class='ocr_line' id='line_1_27' title="bbox 255 2381 614 2423; baseline 0.006 -9"><span class='ocrx_word' id='word_1_193' title='bbox 255 2381 283 2423; x_wconf 75' lang='lat' dir='ltr'>l)</span> <span class='ocrx_word' id='word_1_194' title='bbox 323 2381 370 2416; x_wconf 74' lang='lat' dir='ltr'>Cf.</span> <span class='ocrx_word' id='word_1_195' title='bbox 394 2391 438 2414; x_wconf 84' lang='lat' dir='ltr'>vs.</span> <span class='ocrx_word' id='word_1_196' title='bbox 465 2381 614 2416; x_wconf 77' lang='lat'>305-92</span> 
     </span>
     <span class='ocr_line' id='line_1_28' title="bbox 422 2436 1450 2480; baseline -0.003 -9"><span class='ocrx_word' id='word_1_197' title='bbox 422 2438 490 2471; x_wconf 69' lang='lat' dir='ltr'>Toz</span> <span class='ocrx_word' id='word_1_198' title='bbox 515 2439 619 2471; x_wconf 75' lang='grc' dir='ltr'><em>κακοὶ</em></span> <span class='ocrx_word' id='word_1_199' title='bbox 643 2439 684 2471; x_wconf 76' lang='grc' dir='ltr'>οὐ</span> <span class='ocrx_word' id='word_1_200' title='bbox 709 2440 852 2476; x_wconf 79' lang='grc' dir='ltr'><em>πάντως</em></span> <span class='ocrx_word' id='word_1_201' title='bbox 876 2439 979 2470; x_wconf 82' lang='grc' dir='ltr'><em>κακοὶ</em></span> <span class='ocrx_word' id='word_1_202' title='bbox 1002 2439 1039 2470; x_wconf 79' lang='grc' dir='ltr'>ἐκ</span> <span class='ocrx_word' id='word_1_203' title='bbox 1063 2438 1216 2480; x_wconf 78' lang='grc' dir='ltr'><em>γαστρὸς</em></span> <span class='ocrx_word' id='word_1_204' title='bbox 1239 2436 1450 2479; x_wconf 73' lang='grc' dir='ltr'><em>γεγόνασιν,</em></span> 
     </span>
     <span class='ocr_line' id='line_1_29' title="bbox 461 2494 1260 2540; baseline -0.003 -12"><span class='ocrx_word' id='word_1_205' title='bbox 461 2494 540 2528; x_wconf 71' lang='grc' dir='ltr'><em>ἀλλ’</em></span> <span class='ocrx_word' id='word_1_206' title='bbox 567 2495 736 2540; x_wconf 75' lang='grc' dir='ltr'><em>ἄνδρεσσι</em></span> <span class='ocrx_word' id='word_1_207' title='bbox 761 2501 882 2534; x_wconf 81' lang='grc' dir='ltr'><em>κακοῖς</em></span> <span class='ocrx_word' id='word_1_208' title='bbox 904 2497 1118 2536; x_wconf 70' lang='grc' dir='ltr'><em>συνθέμενοι</em></span> <span class='ocrx_word' id='word_1_209' title='bbox 1140 2496 1260 2537; x_wconf 72' lang='grc' dir='ltr'><em>φιλίην</em></span> 
     </span>
     <span class='ocr_line' id='line_1_30' title="bbox 415 2551 1439 2596; baseline -0.004 -9"><span class='ocrx_word' id='word_1_210' title='bbox 415 2552 504 2596; x_wconf 70' lang='grc' dir='ltr'><em>ἔργα</em></span> <span class='ocrx_word' id='word_1_211' title='bbox 527 2567 567 2587; x_wconf 81' lang='grc' dir='ltr'>τε</span> <span class='ocrx_word' id='word_1_212' title='bbox 589 2554 682 2587; x_wconf 74' lang='grc' dir='ltr'><em>δείλ’</em></span> <span class='ocrx_word' id='word_1_213' title='bbox 702 2553 844 2594; x_wconf 69' lang='grc' dir='ltr'><em>ἔμαθον</em></span> <span class='ocrx_word' id='word_1_214' title='bbox 869 2554 929 2586; x_wconf 79' lang='grc' dir='ltr'>καὶ</span> <span class='ocrx_word' id='word_1_215' title='bbox 955 2553 1025 2596; x_wconf 71' lang='grc' dir='ltr'>ἔπη</span> <span class='ocrx_word' id='word_1_216' title='bbox 1049 2553 1220 2596; x_wconf 77' lang='grc' dir='ltr'><em>δύσφημα</em></span> <span class='ocrx_word' id='word_1_217' title='bbox 1245 2552 1306 2584; x_wconf 83' lang='grc' dir='ltr'>καὶ</span> <span class='ocrx_word' id='word_1_218' title='bbox 1330 2551 1439 2594; x_wconf 80' lang='grc' dir='ltr'><em>ὕβριν</em></span> 
     </span>
     <span class='ocr_line' id='line_1_31' title="bbox 451 2609 1236 2654; baseline -0.003 -10"><span class='ocrx_word' id='word_1_219' title='bbox 451 2612 639 2651; x_wconf 75' lang='grc' dir='ltr'><em>ἐλπόμενοι</em></span> <span class='ocrx_word' id='word_1_220' title='bbox 664 2613 799 2649; x_wconf 69' lang='grc' dir='ltr'><em>κείνους</em></span> <span class='ocrx_word' id='word_1_221' title='bbox 823 2615 943 2644; x_wconf 69' lang='grc' dir='ltr'><em>πάντα</em></span> <span class='ocrx_word' id='word_1_222' title='bbox 967 2612 1083 2654; x_wconf 73' lang='grc' dir='ltr'><em>λέγειν</em></span> <span class='ocrx_word' id='word_1_223' title='bbox 1109 2609 1236 2650; x_wconf 67' lang='grc' dir='ltr'><strong>ἔτυμα.</strong></span> 
     </span>
     <span class='ocr_line' id='line_1_32' title="bbox 257 2665 1691 2714; baseline -0.003 -13"><span class='ocrx_word' id='word_1_224' title='bbox 257 2667 287 2710; x_wconf 78' lang='lat'>²)</span> <span class='ocrx_word' id='word_1_225' title='bbox 329 2668 452 2702; x_wconf 81' lang='lat' dir='ltr'>Planum</span> <span class='ocrx_word' id='word_1_226' title='bbox 486 2670 556 2702; x_wconf 78' lang='lat' dir='ltr'>feeit</span> <span class='ocrx_word' id='word_1_227' title='bbox 593 2669 733 2702; x_wconf 86' lang='lat' dir='ltr'>Welcker</span> <span class='ocrx_word' id='word_1_228' title='bbox 764 2680 794 2711; x_wconf 91' lang='lat' dir='ltr'>p.</span> <span class='ocrx_word' id='word_1_229' title='bbox 829 2669 915 2706; x_wconf 80' lang='lat' dir='ltr'>xlv,</span> <span class='ocrx_word' id='word_1_230' title='bbox 950 2669 1039 2701; x_wconf 80' lang='lat' dir='ltr'>Kallii</span> <span class='ocrx_word' id='word_1_231' title='bbox 1072 2673 1103 2701; x_wconf 81' lang='lat' dir='ltr'>et</span> <span class='ocrx_word' id='word_1_232' title='bbox 1127 2667 1262 2700; x_wconf 80' lang='lat' dir='ltr'>Passovii</span> <span class='ocrx_word' id='word_1_233' title='bbox 1285 2665 1460 2714; x_wconf 66' lang='lat' dir='ltr'>opinionem</span> <span class='ocrx_word' id='word_1_234' title='bbox 1483 2666 1691 2706; x_wconf 82' lang='lat' dir='ltr'>confirmans,</span> 
     </span>
     <span class='ocr_line' id='line_1_33' title="bbox 206 2723 1692 2767; baseline -0.001 -9"><span class='ocrx_word' id='word_1_235' title='bbox 206 2726 360 2758; x_wconf 83' lang='lat' dir='ltr'>Platonem</span> <span class='ocrx_word' id='word_1_236' title='bbox 384 2726 484 2759; x_wconf 86' lang='lat' dir='ltr'>dicere</span> <span class='ocrx_word' id='word_1_237' title='bbox 506 2726 712 2767; x_wconf 86' lang='lat' dir='ltr'>Theognidem</span> <span class='ocrx_word' id='word_1_238' title='bbox 734 2737 751 2759; x_wconf 81' lang='lat' dir='ltr'>a</span> <span class='ocrx_word' id='word_1_239' title='bbox 777 2727 1003 2767; x_wconf 82' lang='lat' dir='ltr'>Megarensibus</span> <span class='ocrx_word' id='word_1_240' title='bbox 1031 2726 1151 2759; x_wconf 86' lang='lat' dir='ltr'>Siciliae</span> <span class='ocrx_word' id='word_1_241' title='bbox 1173 2726 1270 2758; x_wconf 85' lang='lat' dir='ltr'>civem</span> <span class='ocrx_word' id='word_1_242' title='bbox 1292 2723 1445 2756; x_wconf 78' lang='lat' dir='ltr'>adscitum</span> <span class='ocrx_word' id='word_1_243' title='bbox 1469 2733 1546 2756; x_wconf 89' lang='lat' dir='ltr'>esse.</span> <span class='ocrx_word' id='word_1_244' title='bbox 1572 2723 1692 2756; x_wconf 82' lang='lat' dir='ltr'>Scholi-</span> 
     </span>
     <span class='ocr_line' id='line_1_34' title="bbox 205 2780 1691 2823; baseline -0.002 -8"><span class='ocrx_word' id='word_1_245' title='bbox 205 2788 309 2820; x_wconf 82' lang='lat' dir='ltr'>astes,</span> <span class='ocrx_word' id='word_1_246' title='bbox 341 2785 474 2816; x_wconf 86' lang='lat' dir='ltr'>omissus</span> <span class='ocrx_word' id='word_1_247' title='bbox 503 2794 519 2816; x_wconf 88' lang='lat' dir='ltr'>a</span> <span class='ocrx_word' id='word_1_248' title='bbox 556 2784 714 2817; x_wconf 83' lang='lat' dir='ltr'>Welckero</span> <span class='ocrx_word' id='word_1_249' title='bbox 729 2809 737 2822; x_wconf 88' lang='lat'>‚</span> <span class='ocrx_word' id='word_1_250' title='bbox 770 2785 800 2817; x_wconf 94' lang='lat' dir='ltr'>in</span> <span class='ocrx_word' id='word_1_251' title='bbox 823 2785 948 2817; x_wconf 82' lang='lat' dir='ltr'>eandem</span> <span class='ocrx_word' id='word_1_252' title='bbox 972 2784 1155 2817; x_wconf 82' lang='lat' dir='ltr'>sententiam</span> <span class='ocrx_word' id='word_1_253' title='bbox 1180 2783 1261 2814; x_wconf 87' lang='lat' dir='ltr'>hunc</span> <span class='ocrx_word' id='word_1_254' title='bbox 1285 2781 1385 2814; x_wconf 89' lang='lat' dir='ltr'>locum</span> <span class='ocrx_word' id='word_1_255' title='bbox 1406 2781 1560 2823; x_wconf 76' lang='lat' dir='ltr'>explicat:</span> <span class='ocrx_word' id='word_1_256' title='bbox 1587 2782 1623 2813; x_wconf 75' lang='grc' dir='ltr'>τί</span> <span class='ocrx_word' id='word_1_257' title='bbox 1649 2780 1691 2813; x_wconf 79' lang='grc' dir='ltr'><em>δὲ</em></span> 
     </span>
     <span class='ocr_line' id='line_1_35' title="bbox 203 2837 1696 2885; baseline -0.002 -12"><span class='ocrx_word' id='word_1_258' title='bbox 203 2839 356 2874; x_wconf 76' lang='grc' dir='ltr'><em>ἐκώλυεν</em></span> <span class='ocrx_word' id='word_1_259' title='bbox 393 2841 507 2873; x_wconf 73' lang='grc' dir='ltr'><em>αὑτὸν</em></span> <span class='ocrx_word' id='word_1_260' title='bbox 540 2842 577 2873; x_wconf 71' lang='grc' dir='ltr'>ἐκ</span> <span class='ocrx_word' id='word_1_261' title='bbox 611 2842 748 2885; x_wconf 81' lang='grc' dir='ltr'><em>ταύτης</em></span> <span class='ocrx_word' id='word_1_262' title='bbox 776 2841 839 2882; x_wconf 78' lang='grc' dir='ltr'>μὲν</span> <span class='ocrx_word' id='word_1_263' title='bbox 874 2837 966 2875; x_wconf 71' lang='grc' dir='ltr'><em>εἶναι</em></span> <span class='ocrx_word' id='word_1_264' title='bbox 990 2846 1054 2885; x_wconf 81' lang='grc' dir='ltr'>τῆς</span> <span class='ocrx_word' id='word_1_265' title='bbox 1079 2840 1310 2883; x_wconf 72' lang='grc' dir='ltr'><em>Μεγαρίδος,</em></span> <span class='ocrx_word' id='word_1_266' title='bbox 1334 2838 1551 2872; x_wconf 77' lang='grc' dir='ltr'><em>ἀπελθόντα</em></span> <span class='ocrx_word' id='word_1_267' title='bbox 1576 2837 1616 2871; x_wconf 77' lang='grc' dir='ltr'><em>δὲ</em></span> <span class='ocrx_word' id='word_1_268' title='bbox 1642 2840 1696 2877; x_wconf 77' lang='grc' dir='ltr'><em>εἰς</em></span> 
     </span>
     <span class='ocr_line' id='line_1_36' title="bbox 205 2896 1695 2944; baseline 0.001 -15"><span class='ocrx_word' id='word_1_269' title='bbox 205 2896 403 2940; x_wconf 73' lang='grc' dir='ltr'><em>Σικελίαν,</em></span> <span class='ocrx_word' id='word_1_270' title='bbox 441 2897 484 2936; x_wconf 86' lang='grc' dir='ltr'>ὡς</span> <span class='ocrx_word' id='word_1_271' title='bbox 511 2900 534 2943; x_wconf 81' lang='grc' dir='ltr'><em>ἢ</em></span> <span class='ocrx_word' id='word_1_272' title='bbox 555 2899 696 2942; x_wconf 72' lang='grc' dir='ltr'><em>ἱστορία</em></span> <span class='ocrx_word' id='word_1_273' title='bbox 719 2900 816 2943; x_wconf 77' lang='grc' dir='ltr'><em>ἔχει,</em></span> <span class='ocrx_word' id='word_1_274' title='bbox 842 2901 1015 2942; x_wconf 74' lang='grc' dir='ltr'><em>γενέσθαι</em></span> <span class='ocrx_word' id='word_1_275' title='bbox 1037 2900 1134 2944; x_wconf 66' lang='grc' dir='ltr'>νόμῳ</span> <span class='ocrx_word' id='word_1_276' title='bbox 1159 2897 1338 2942; x_wconf 75' lang='grc' dir='ltr'><em>Μεγαρέα</em></span> <span class='ocrx_word' id='word_1_277' title='bbox 1360 2897 1455 2938; x_wconf 75' lang='grc' dir='ltr'><em>ἐκεῖ,</em></span> <span class='ocrx_word' id='word_1_278' title='bbox 1479 2896 1523 2936; x_wconf 85' lang='grc' dir='ltr'>ὡς</span> <span class='ocrx_word' id='word_1_279' title='bbox 1546 2896 1607 2929; x_wconf 77' lang='grc' dir='ltr'>καὶ</span> <span class='ocrx_word' id='word_1_280' title='bbox 1629 2898 1695 2931; x_wconf 77' lang='grc' dir='ltr'>τὸν</span> 
     </span>
    </p>
   </div>
   <div class='ocr_carea' id='block_1_5' title="bbox 150 2955 1188 3001">
    <p class='ocr_par' dir='ltr' id='par_1_5' title="bbox 150 2955 1188 3001">
     <span class='ocr_line' id='line_1_37' title="bbox 150 2955 1188 3001; baseline -0.002 -10"><span class='ocrx_word' id='word_1_281' title='bbox 150 2987 154 2991; x_wconf 94' lang='grc'><em>.</em></span> <span class='ocrx_word' id='word_1_282' title='bbox 208 2957 391 3001; x_wconf 78' lang='grc' dir='ltr'><em>Τυρταῖον</em></span> <span class='ocrx_word' id='word_1_283' title='bbox 413 2955 733 2999; x_wconf 77' lang='grc' dir='ltr'><em>Λακεδαιμόνιον;</em></span> <span class='ocrx_word' id='word_1_284' title='bbox 758 2958 859 2991; x_wconf 82' lang='lat' dir='ltr'>Monet</span> <span class='ocrx_word' id='word_1_285' title='bbox 884 2959 942 2991; x_wconf 88' lang='lat' dir='ltr'>hoc</span> <span class='ocrx_word' id='word_1_286' title='bbox 966 2958 1037 2991; x_wconf 82' lang='lat' dir='ltr'>Geel</span> <span class='ocrx_word' id='word_1_287' title='bbox 1060 2968 1088 3001; x_wconf 85' lang='lat' dir='ltr'>p.</span> <span class='ocrx_word' id='word_1_288' title='bbox 1112 2956 1188 2990; x_wconf 78' lang='lat'><strong>226.</strong></span> 
     </span>
    </p>
   </div>
   <div class='ocr_carea' id='block_1_6' title="bbox 258 3014 760 3058">
    <p class='ocr_par' dir='ltr' id='par_1_6' title="bbox 258 3014 760 3058">
     <span class='ocr_line' id='line_1_38' title="bbox 258 3014 760 3058; baseline 0.002 -11"><span class='ocrx_word' id='word_1_289' title='bbox 258 3014 287 3058; x_wconf 79' lang='lat'>³)</span> <span class='ocrx_word' id='word_1_290' title='bbox 330 3014 397 3048; x_wconf 86' lang='lat' dir='ltr'>vid.</span> <span class='ocrx_word' id='word_1_291' title='bbox 414 3014 541 3057; x_wconf 24' lang='lat' dir='ltr'>‘Welcln</span> <span class='ocrx_word' id='word_1_292' title='bbox 565 3025 585 3056; x_wconf 89' lang='lat' dir='ltr'>p</span> <span class='ocrx_word' id='word_1_293' title='bbox 606 3014 670 3048; x_wconf 87' lang='lat' dir='ltr'>XX.</span> <span class='ocrx_word' id='word_1_294' title='bbox 692 3025 760 3058; x_wconf 89' lang='lat' dir='ltr'>sqq.</span> 
     </span>
    </p>
   </div>
  </div>
 </body>
</html>
