1898 3386
999 255 1082 300 44,

347 384 461 432 1109
493 385 624 440 Κύρν’
654 384 694 425 οἱ
720 385 870 439 πρόσθ’
898 385 1057 437 α’γαθοὶ
1086 387 1161 427 νῦν
1180 380 1232 426 αὖ
1250 385 1393 438 κακοί,
1412 385 1453 426 οἱ
1468 383 1512 426 δὲ
1530 387 1651 426 κακοὶ
1668 387 1767 441 πρίν

548 459 623 500 νῦν
654 457 826 509 ἀγαθοί·
859 458 922 506 τίς
948 474 1019 500 κεν
1050 457 1169 499 ταῦτ’
1200 455 1384 513 ἀνέχοιτ’
1420 458 1597 512 ἐσορῶν,

493 530 587 578 τούς
612 528 803 581 οέγαθοῦς
832 531 908 582 μὲν
940 528 1234 584 οἷτιμοτέρους,
1270 530 1441 577 κακίους
1473 529 1517 570 δὲ
1551 527 1784 586 λαχόντας’

546 604 695 654 τιμῆς,
726 602 942 655 μνηστειίει
974 601 1012 643 δ’
1042 603 1086 642 ἐκ
1118 606 1246 642 κακοῦ
1279 599 1426 649 ἐσθλός
1450 601 1568 655 οὶνήρ.

492 670 697 725 ἀλλήλους
732 670 771 713 δ’
804 673 1048 722 ἀπατῶντες
1083 673 1149 714 ἐπ’
1179 671 1393 726 οἷλλήλοισι
1425 671 1626 726 γελῶσιν,

545 742 632 787 οὔτ’
663 744 842 796 οἰγαθῶν
873 749 1038 800 μνήμην
1071 745 1222 794 εἷδότες
1254 746 1346 788 οὔτε.
1378 747 1533 788 κακῶν.
1780 768 1783 773 ¹

287 818 504 877 Compone
554 831 614 861 vs.
662 814 834 862 53—60
878 823 920 862 et
960 816 1215 871 183-192,
1250 830 1358 874 quos
1389 817 1433 862 in
1462 817 1600 876 primo
1633 816 1770 875 capite

285 903 326 948 p.
360 889 388 935 8
421 895 464 934 et
493 901 533 947 p.
567 886 594 932 5
625 887 793 932 adduxi.

901 1027 1206 1043 w—-ffl‘

373 1130 459 1178 645
488 1134 685 1189 ῙΙαιίρους
716 1133 946 1189 κηδεμόνας
976 1133 1145 1181 πιστούς
1176 1132 1307 1187 εὕροις
1338 1148 1408 1175 κεν
1441 1132 1630 1187 ἑταίρους

547 1206 732 1260 κείμενος
758 1207 802 1248 ἐν
834 1203 992 1262 μεγάλῃ
1025 1206 1162 1259 θυμόν
1193 1204 1422 1260 ἀμηχανίῃ.

285 1276 503 1337 Compone
535 1291 596 1323 vs.
632 1277 830 1332 79-82,
862 1291 970 1335 quos
1001 1277 1046 1322 in
1075 1276 1214 1336 primo
1246 1276 1384 1336 capite
1415 1290 1455 1335 p.
1488 1275 1539 1320 11
1574 1274 1744 1320 adduxi,

378 1519 463 1565 115
493 1517 655 1561 Πολλοί
687 1534 752 1562 τοι
782 1521 924 1569 πόσιος
955 1521 1026 1560 καὶ
1062 1520 1236 1576 βρώσιος
1265 1521 1369 1562 εἰσιν
1403 1521 1579 1574 ἑταῖροι,

549 1593 595 1635 ἐν
627 1591 672 1634 δὲ
703 1591 919 1646 σπουδαίῳ
952 1594 1162 1646 πρήγματι
1193 1593 1454 1646 παυρότεροι.

375 1661 460 1709 643
491 1661 653 1706 Πολλοὶ
684 1681 769 1718 παρ
801 1668 971 1719 κρητῆρι
1003 1663 1114 1718 φίλοι
1144 1664 1366 1716 γίγνονται
1396 1666 1553 1719 ἑταῖροι

548 1737 593 1779 ἐν
621 1735 666 1778 δὲ
697 1735 911 1792 σπουδαίῳ
941 1740 1152 1792 πρήγματι
1180 1737 1441 1791 παυρότεροι.

370 1980 452 2026 2¹11
488 1975 619 2024 Οἶνον
651 1995 715 2023 τοι
753 1981 894 2024 πίνειν
926 1979 1088 2025 πουλὺν
1119 1983 1265 2024 κακόν·
1291 1985 1342 2037 ἦν
1371 1980 1416 2023 δέ
1446 1997 1510 2030 τις
1540 1979 1668 2023 αὐτόν

548 2053 652 2111 πίνῃ
680 2052 961 2109 ἐπισταμένως
978 2088 987 2106 ,
1022 2054 1070 2096 οὐ
1102 2057 1228 2104 κακός
1247 2087 1257 2106 ,
1285 2052 1382 2095 ἀλλ’
1411 2053 1588 2106 ἀγαθός.

375 2123 460 2172 509
492 2121 617 2176 Οἶνος
646 2128 869 2181 πινόμενος
899 2125 1056 2176 πουλϋς
1089 2129 1235 2170 κακόν·
1268 2129 1321 2181 ἢν
1353 2124 1398 2168 δέ
1430 2143 1494 2176 τις
1524 2125 1651 2170 αὐτόν

550 2198 653 2256 πίνῃ
687 2198 991 2253 ἐπισταμένως,
1025 2199 1073 2241 οὐ
1104 2200 1234 2242 κακὸν
1268 2197 1363 2240 ἀλλ’
1394 2198 1576 2252 ἀγαθόν.

376 2440 462 2488 213
492 2444 630 2498 Κύρνε
651 2475 660 2493 ,
694 2441 841 2497 φίλους
872 2445 979 2486 κάτα
1005 2445 1168 2493 πάντας
1198 2443 1411 2500 ἐπίστρεφε
1442 2441 1635 2486 ποίκιλον
1664 2439 1768 2496 ἦθος

543 2515 671 2570 ὀργὴν
702 2516 938 2569 συμμίσγων
970 2514 1108 2569 ἥντιν’
1138 2514 1311 2565 ἕκαστος
1341 2515 1439 2572 ἔχει.

487 2585 721 2629 Πουλόπου
753 2587 880 2643 ὀργὴν
912 2588 998 2644 ἴσχε
1030 2586 1301 2630 πολυπλόκου
1329 2589 1373 2637 ὃς
1404 2590 1501 2630 ποτὶ
1533 2586 1662 2644 πέτρῃ

545 2664 597 2714 τῇ
632 2658 908 2715 προσομιλήσῃ
930 2690 940 2710 ,
973 2665 1084 2710 τοῖος
1119 2659 1222 2703 ἰδεῖν
1250 2661 1394 2714 ἐφάνη.

489 2733 565 2774 νῦν
595 2733 671 2785 μὲν
702 2731 791 2790 τῇδ’
825 2731 981 2787 ἐφέπου
1001 2765 1014 2786 ,
1044 2735 1135 2775 τότε
1166 2731 1205 2774 δ’
1238 2731 1405 2781 ἀλλοῖος
1437 2733 1536 2789 χρόα
1569 2732 1734 2784 γίγνου.

547 2804 740 2859 κρείσσων
770 2821 835 2847 τοι
866 2805 986 2859 σοφίη
1020 2806 1205 2857 γίγνεται
1235 2805 1449 2859 ἀτροπίης,

284 2873 504 2935 Compone
534 2890 593 2921 vs.
628 2875 877 2931 1071-75,
910 2889 1018 2934 quos
1051 2876 1095 2921 in
1126 2876 1252 2922 tertio
1283 2876 1420 2935 capite
1450 2890 1490 2934 p.
1524 2875 1575 2921 31
1597 2874 1764 2921 adduxi.
